1685 2870
727 146 1010 208 CYcADEAE.
1227 197 1231 203 ι
1445 184 1521 227 347

227 254 402 304 Habitus
426 261 667 306 palmarum.
726 266 901 308 Frondes
922 268 1117 322 pinnatae,
1141 270 1395 315 novellarum
1417 274 1513 328 pin-

333 319 398 360 nis
419 320 613 374 spiraliter
633 321 840 364 involutis.
899 325 1078 365 Amenta
1098 326 1338 379 terminalia,
1372 331 1510 373 solita-

332 376 404 472 }riltgi,
435 391 474 416 v.
495 379 713 432 geminata,
743 378 908 421 caudice
934 389 1026 435 post
1054 380 1395 427 inflorescentiam
1417 402 1513 443 pro-

350 448 358 472 ι
381 447 462 472 ero.

270 519 365 557 OBs.
394 521 578 558 Structura
595 523 882 571 germinatioque
900 524 1052 572 Cycadis
1066 527 1206 574 optime
1222 528 1406 566 illustratae
1422 538 1508 568 sunt

318 584 340 611 a
362 572 435 610 Cel.
456 574 591 610 Aubert
617 575 680 610 Du
704 575 972 619 Petit-Thua⁷s‚
1000 576 1103 624 cujus
1126 580 1392 618 observationes
1418 594 1508 619 con-

317 623 541 660 firmavimus
562 626 595 660 in
614 625 745 662 eadem
775 639 811 663 v.v
826 629 985 664 maxime
1011 629 1110 665 affini
1139 632 1271 679 specie,
1300 643 1445 669 necnon
1469 635 1507 670 in

316 675 450 723 Cycadi
471 677 649 724 angulata,
677 683 713 712 et
731 678 766 713 in
788 678 916 715 Zamia
934 681 1065 728 spirali.

266 727 311 764 In
328 734 482 776 utroque
497 740 628 776 genere
647 728 866 777 Embryonis
895 732 1015 767 sulcus
1031 731 1201 780 utrinque
1218 734 1502 782 longitudinalis,

314 778 395 827 plus
413 780 532 815 minus
548 781 686 822 obvim,
715 781 973 830 cotyledonum
1002 783 1157 819 duarum
1183 786 1426 822 secretionem
1445 787 1503 823 in-

270 829 423 873 *“dicat,
450 843 649 878 earumque
682 833 855 880 separatio
889 835 1028 870 interna
1064 835 1100 871 in
1133 838 1280 884 regione
1311 837 1504 883 Plumulae,

312 886 396 916 ante
412 883 714 930 germinationem
733 884 830 920 certe
848 886 1065 933 conspicuae,
1093 887 1285 924 manifesta
1302 895 1368 926 est.

261 931 306 969 In
327 931 396 968 hoc
414 933 539 969 ordine
558 935 666 983 igitur
691 934 882 980 habemus,
911 933 1029 973 saltatu
1047 947 1211 986 respectu
1229 947 1418 976 structurae
1435 953 1501 977 ex-

311 985 425 1020 te'rnae
444 985 674 1034 Embryouis,
703 987 892 1023 transitum
914 1000 935 1024 a
953 988 1348 1037 Monocotyledonibus
1368 991 1411 1027 ad
1430 991 1499 1027 Di-

310 1035 564 1083 cotyledones:
610 1037 788 1074 Plumulae
805 1046 929 1075 autem
957 1040 1119 1076 evolutio
1137 1053 1222 1078 cum
1252 1041 1358 1090 priori
1388 1042 1502 1079 classe

311 1087 426 1135 magis
439 1089 606 1126 convenit
619 1105 629 1134 3
653 1089 688 1124 in
704 1089 760 1125 his
775 1090 944 1127 omnibus
959 1091 1072 1138 enim,
1094 1092 1300 1130 Gramineis
1317 1093 1501 1130 Aroideis-

309 1150 381 1185 que
399 1141 573 1188 exceptis,
602 1140 721 1176 foliola
751 1140 919 1189 primaria
934 1140 1043 1190 hujus
1062 1144 1185 1192 organi
1204 1156 1349 1193 semper
1365 1145 1500 1181 aborti-

308 1200 353 1225 va
371 1195 408 1225 et
427 1191 749 1238 squamuliformia‚
776 1193 833 1229 vel
852 1205 964 1229 merae
980 1195 1119 1242 vaginae
1137 1202 1234 1239 sunt,
1263 1196 1351 1232 dum
1372 1197 1408 1231 in
1427 1196 1497 1232 Di-

308 1241 582 1289 cotyledonibus
592 1244 762 1279 omnibus
775 1243 859 1280 folia
874 1245 1033 1292 perfecta
1046 1246 1215 1283 evadunt.
1245 1246 1358 1283 Aliud
1372 1248 1498 1284 discri-

307 1303 395 1327 men
421 1293 540 1329 forsan
569 1294 708 1330 obtinet
725 1294 818 1331 inter
837 1295 1022 1332 Plumulas
1052 1297 1205 1334 duarum
1234 1298 1402 1335 classium
1418 1315 1428 1343 3
1458 1300 1497 1335 in

306 1341 634 1392 Dicotyledonibus
650 1343 814 1392 ejusdem
834 1346 954 1383 foliola
981 1348 1147 1395 primaria
1164 1361 1252 1386 cum
1270 1351 1496 1398 cotyledoni-

304 1393 373 1430 bus
390 1395 566 1433 alternant
582 1412 590 1433 :
621 1397 657 1434 in
677 1396 884 1434 Gramineis
907 1405 943 1434 et
962 1399 1130 1436 Aroideis
1145 1401 1284 1444 contra,
1312 1401 1349 1436 in
1368 1402 1499 1449 quibus

308 1445 539 1484 solummodo
564 1461 585 1484 e
608 1447 988 1496 Monocotyledonum
1005 1451 1106 1486 classi
1135 1451 1228 1488 hanc
1257 1453 1498 1489 determinare

305 1508 510 1544 possumus,
528 1499 743 1548 cotyledone
761 1508 1007 1548 opponuntur.
1056 1502 1233 1549 Cycadeae
1251 1509 1429 1550 quantum
1450 1504 1497 1541 de

305 1559 345 1584 re
365 1555 435 1585 tam
455 1551 598 1587 minuta
611 1549 774 1599 judicare
791 1552 896 1589 liceat
914 1552 982 1590 hac
999 1554 1136 1589 ratione
1150 1566 1236 1590 cum
1255 1554 1495 1603 Dicotyledo-

305 1600 410 1636 nibus
428 1602 614 1648 quadrant.
1500 1646 1506 1652 Ι

256 1651 301 1687 In
323 1652 459 1704 Cycadz'
479 1652 644 1690 leuarsii
658 1656 677 1688 Ρ
705 1654 819 1691 Indiae
837 1654 1030 1698 orientalis,
1044 1660 1080 1691 et
1099 1656 1134 1691 in
1155 1655 1343 1705 angulatd,
1363 1664 1496 1706 puncta

305 1715 396 1739 areae
415 1704 589 1752 depressae
615 1705 725 1754 apicis
754 1706 901 1742 seminis
933 1707 1086 1743 totidem
1113 1709 1297 1744 canalibus
1329 1710 1497 1747 brevibus

305 1755 536 1801 respondent,
557 1756 712 1804 gelatina
730 1757 962 1805 homogenea
982 1758 1143 1806 primum
1157 1759 1303 1807 repletis
1316 1767 1354 1796 et
1371 1772 1492 1798 mem-

305 1805 417 1842 brana
435 1808 577 1856 propria
595 1808 790 1850 instructis,
808 1809 919 1845 unico
933 1817 1112 1856 quantum
1130 1811 1396 1847 observavimus
1410 1823 1490 1849 em-

303 1858 524 1906 bryonifer0‚
542 1870 615 1907 quo
634 1859 776 1907 augenti
795 1860 922 1908 reliqui
941 1872 1027 1897 mox
1047 1862 1226 1897 obliterati
1243 1870 1339 1898 sunt.

254 1909 298 1945 In
317 1909 451 1956 Cycadi
479 1910 634 1946 circinali
652 1911 750 1954 vera,
785 1912 996 1948 auctoritate
1022 1913 1138 1958 ‚iconis
1164 1913 1402 1961 descriptione
1428 1925 1495 1950 ex-

301 1961 443 2009 plicatae
461 1973 480 1997 a
510 1962 586 1998 Cel.
608 1962 809 2011 Roxburgh
839 1964 884 1998 ab
912 1963 1019 1999 India
1044 1964 1209 2000 orientali
1236 1975 1354 2013 nuper
1379 1974 1493 2001 trans-

305 2012 437 2055 missae,
465 2012 622 2049 Vitellus
641 2025 703 2049 scu
723 2014 919 2050 substantia
948 2026 1094 2059 carnosa
1111 2018 1303 2052 cavitatem
1334 2015 1493 2052 albumi-

304 2063 360 2100 nis
389 2064 517 2112 replet,
544 2077 564 2100 a
593 2065 757 2101 funiculo
786 2067 1088 2115 contortuplicato
1114 2074 1385 2116 suspensusset
1403 2067 1492 2105 Em-

304 2116 478 2163 bryonem
499 2115 707 2153 includens!

704 2230 886 2268 CYCAS.
940 2231 988 2269 L.

207 2311 532 2362 Spadicesfiminei
561 2312 727 2357 conferti,
755 2313 891 2350 sensim
921 2318 1169 2362 erumpenteS,
1198 2314 1492 2358 subensiformes‚

306 2364 439 2413 singuli
467 2366 636 2413 utrinque
667 2365 797 2402 ovariis
828 2364 964 2409 erectis,
1006 2365 1264 2414 marginalibus
1295 2365 1489 2415 (pluribus)

307 2416 485 2458 instructi,
514 2417 620 2465 supra
637 2416 811 2453 frondosi.

256 2482 352 2520 Ous.
383 2483 469 2519 Sub-
486 2483 634 2519 nomine
663 2482 816 2533 Cycadis
846 2481 1021 2529 circinalis
1051 2483 1170 2532 plures
1203 2484 1337 2532 species
1367 2486 1498 2531 procul

254 2560 257 2561 γ
307 2534 418 2572 dubio
434 2534 609 2581 confusae,
637 2546 658 2572 e
675 2535 762 2574 vivis
793 2533 1024 2572 solummodo
1050 2535 1280 2572 extricandae.
1331 2533 1498 2627 Dizlaedig

787 2591 811 2623 2
828 2598 852 2623 Y
869 2590 894 2622 2
1407 2596 1430 2621 n
1458 2598 1470 2621 1
