1685 2870
197 202 273 235 500
706 199 824 235 LABI
830 197 966 236 ATAE.

302 294 432 344 Hypfi,
461 298 506 333 ab
527 298 733 334 auctoribus
760 298 937 347 plerisque
970 302 1165 345 assumpta,
1198 298 1370 347 denegata
1387 305 1441 336 est
1467 311 1487 337 a

301 347 351 383 D.
372 348 518 383 Poiteau
545 349 657 394 (Arm.
684 349 731 384 du
760 351 858 386 Ilffns.
880 356 914 394 7.
940 357 978 396 p.
998 349 1090 394 460)
1112 350 1241 385 mei-ito
1265 351 1424 398 quidem,
1452 359 1488 387 at

302 398 398 434 illius
409 399 590 435 character
606 412 627 436 a
641 400 790 436 naturali
810 400 964 436 divisura
982 401 1157 436 labiorum
1176 402 1322 448 petitus,
1335 403 1487 438 minime

301 449 410 493 valet,
439 450 610 497 quoniam
628 459 664 486 et
683 451 810 487 lacinia
836 451 961 487 infima
992 458 1028 487 et
1056 464 1223 499 suprema
1253 452 1310 488 vel
1340 453 1488 488 indivisa

302 501 359 536 vel
392 501 501 537 bifida
527 503 695 544 occurrit,
723 510 830 550 atque
855 503 1015 538 laterales
1045 515 1125 550 quae
1157 504 1285 550 saepiiis
1313 515 1399 540 curn
1431 503 1491 539 illa

301 551 439 588 labium
462 553 609 588 inferius
628 555 868 596 constituunt,
896 554 1112 600 quaudoque
1139 555 1183 589 ad
1212 555 1304 590 hanc
1321 557 1486 603 approxi-

301 611 460 640 mantur.
514 604 710 640 Meliorem
729 612 766 640 et
780 612 820 640 ut
835 605 937 640 nobis
954 605 1094 640 videtur
1108 615 1241 641 certam
1254 613 1377 641 notam
1395 618 1486 652 prae-

303 654 366 689 bet
382 654 515 691 corolla
530 655 735 703 inexpmsa,
760 654 862 702 cujus
878 655 1013 691 labium
1038 656 1186 692 inferius
1213 658 1248 692 in
1269 664 1346 692 toto
1363 657 1489 693 ordine

300 717 321 740 a
338 707 519 753 superiore
537 706 766 742 imbricatum
798 713 874 749 est3
898 712 942 741 'et
966 707 1164 743 secundum
1184 706 1277 743 hanc
1302 707 1486 756 diagnosin

298 757 432 800 corolla
452 760 653 806 resupinata
666 769 732 794 nec
748 759 783 794 in
808 758 996 806 generibus
1011 770 1116 806 supra
1134 759 1340 795 memoratis
1364 771 1432 795 nec
1450 761 1488 796 in

299 806 509 844 Lavandula
527 809 678 845 obtinet.

249 858 347 895 Ofls.
366 859 418 896 ΙΙ.
442 859 505 902 ,ΒΕ
522 860 718 895 staminum
740 859 932 896 insertione
948 860 983 895 in
1003 872 1162 895 errorem
1177 860 1318 908 lapsui,
1335 872 1414 897 esse
1431 862 1486 897 vi-

299 909 404 946 detur
423 910 537 946 Illust.
556 911 714 952 Jussieu,
743 912 787 946 ab
820 911 965 946 illorum
991 911 1225 958 frequentiori
1256 912 1487 948 inclinatione

300 962 486 1010 deceptus,
515 961 592 997 fere
611 962 646 996 in
676 962 845 997 omnibus
863 969 986 998 autem
1018 961 1203 998 filamenta
1231 964 1260 998 si
1289 963 1332 998 ad
1359 975 1487 1000 eorum

299 1014 478 1060 originem
510 1020 648 1061 spectes
680 1013 830 1049 sinubus
855 1020 1009 1060 quatuor
1041 1013 1281 1056 inferioribus,
1327 1014 1506 1062 (interla--

300 1065 454 1100 bialibus
484 1076 618 1112 nempe
645 1072 681 1099 et
698 1064 871 1112 primariis
890 1064 970 1100 labii
1001 1064 1194 1108 inferioris)
1227 1071 1482 1112 opponuntur:

298 1114 384 1151 hinc
404 1116 439 1151 in
456 1115 583 1164 Hypti,
603 1114 842 1165 Plectrantho,
859 1114 1004 1162 Ocymo
1022 1121 1058 1150 et
1076 1114 1285 1151 Lavandula
1305 1128 1324 1150 a
1339 1117 1485 1164 reliquis

298 1167 432 1202 ordinis
449 1178 521 1202 non
543 1168 737 1202 insertione
754 1166 815 1201 sed
841 1167 981 1202 tantum
1002 1166 1240 1202 declinatione
1256 1165 1441 1204 differunt.
1515 1173 1520 1179 ”

247 1216 344 1253 ΟΒε.
366 1218 437 1253 ΙΙΙ.
465 1216 758 1254 Modificationes
784 1217 881 1254 Discz·
897 1216 1076 1265 hypogyni
1094 1217 1302 1253 adhucdum
1333 1230 1407 1254 non
1427 1231 1482 1255 sa-

298 1270 341 1304 tis
359 1269 569 1312 observatae,
598 1276 639 1304 ut
667 1269 702 1304 in
728 1280 904 1316 generum
924 1268 1187 1305 characteribus
1209 1270 1372 1317 usurpari
1398 1281 1482 1318 pos-

296 1326 390 1363 sent,
419 1320 608 1368 forsanque
627 1319 721 1356 haud
739 1320 861 1368 magni
881 1320 1008 1356 valoris
1023 1320 1108 1356 sint.

195 1494 304 1536 Sect.
326 1495 362 1536 1.
411 1494 598 1537 Stamina
627 1505 649 1536 2
673 1495 832 1544 fertilia3
862 1511 902 1535 v.
933 1495 1030 1535 dum
1051 1495 1253 1536 4fertiliass·
1288 1496 1483 1537 Antherae

610 1551 798 1592 omnium
820 1551 1057 1592 dimidiatae.

661 1670 910 1707 LYCOPUS.
967 1671 1014 1709 L.

191 1750 308 1800 Calysc
324 1751 475 1788 5-fidus.
533 1751 677 1790 corolla
693 1751 825 1794 4-fida,
851 1751 980 1788 lacinia
998 1752 1181 1800 superiore
1198 1751 1337 1795 latiore,
1351 1761 1481 1788 ‘emar-

289 1803 421 1851 ginata.
478 1802 643 1840 Stamina
657 1802 836 1839 distantia.

238 1851 362 1890 Flores
377 1854 561 1897 willares,
587 1853 805 1898 verticillati,
832 1853 981 1893 sessiles.

190 1943 224 1973 1.
252 1936 298 1974 L.
315 1936 497 1981 australis,
525 1937 620 1973 foliis
637 1936 843 1973 lanceolatis
860 1936 1074 1973 acuminatis
1092 1938 1232 1973 serratis
1250 1935 1479 1984 pubescenti-

289 1989 358 2024 bus
372 1989 492 2037 ‘supra
509 1988 758 2025 scabriusculis
781 1989 906 2024 subtus
923 1988 1141 2036 glandulosis
1158 2004 1165 2024 ε
1197 1989 1276 2026 δειεί,
1292 1988 1478 2024 attenuat&

289 2039 452 2087 integriq
482 2041 663 2076 serraturis
679 2041 828 2075 remotis
848 2039 1045 2087 aequalibus
1061 2038 1286 2084 acutissimis,
1314 2039 1476 2075 caulibus

288 2091 428 2127 striatis.
485 2091 538 2139 (J.
556 2091 605 2127 D.
625 2091 683 2126 M.
704 2090 773 2135 T.)
823 2104 858 2127 v.
878 2103 912 2127 v.

235 2156 332 2194 OBs.
361 2157 489 2194 Quam
505 2157 666 2194 maxime
684 2157 802 2195 affinis
816 2157 860 2195 L.
881 2168 1050 2205 europaeo
1077 2158 1122 2195 L.

684 2287 883 2325 SALVIA.
937 2289 986 2326 L.

188 2372 307 2422 Calyx
323 2373 678 2419 subcampanulatus‚
708 2371 910 2415 bilabiatus,
936 2371 1033 2408 labio
1057 2372 1237 2421 superiore
1267 2370 1471 2413 3-dentato‚

289 2423 458 2460 inferiore
474 2423 596 2460 bifido.
652 2422 795 2460 Corolla
820 2424 974 2471 ringens,
1030 2422 1228 2459 Filomenta
1245 2422 1319 2458 duo
1344 2421 1475 2458 fertilia

285 2473 410 2518 bifida,
437 2474 524 2511 lobo
554 2475 667 2511 altero
693 2474 924 2511 adscendent}
951 2474 1103 2512 anthera
1133 2474 1333 2518 dimidiata,
1361 2473 1474 2510 altero

282 2526 406 2562 sterili.

232 2578 332 2616 Folia
349 2589 490 2627 rugosa.
543 2576 663 2613 Flores
680 2575 1087 2614 verticillalo-racemosz‘.

1279 2633 1313 2671 1,
1341 2627 1378 2665 S.
1391 2625 1470 2675 ple·
