1685 2870
171 180 248 214 404
535 170 812 210 LAURINAE.
929 169 1120 221 Cassytha.

180 281 212 312 1.
242 275 286 312 C.
303 273 510 322 pubescens,
539 273 644 309 cauie
677 271 906 321 pubescenti,
936 270 1043 319 spicis
1071 267 1230 306 indivisis
1246 269 1404 306 breviter
1420 280 1487 320 pe«-

269 324 512 362 dunculatis:
541 324 692 361 floribus
709 322 901 366 distinctis,
929 322 1106 359 fructibus
1136 320 1308 358 exsulcis.
1365 319 1485 369 (LT,

277 377 337 414 M.
359 376 429 424 D.)
457 389 493 412 v.
511 389 547 413 v.

174 452 213 484 2.
242 444 285 481 C.
305 441 502 486 mel-anthe,
532 442 635 479 caule
659 441 798 490 glabro,
829 441 935 490 spicis
966 439 1151 477 indivisis:
1181 437 1331 476 floribus
1358 439 1484 476 imbri-

278 494 366 532 catis
386 494 804 543 nigro-pubescentibus.
862 491 933 540 (J.)
989 504 1023 530 v.
1038 505 1071 528 v.

176 566 214 601 3.
243 562 288 600 C.
306 561 480 611 glabella,
508 561 612 597 caule
646 558 932 609 perianthiisque
961 558 1109 608 glabriS‚
1137 558 1244 607 spicis
1262 557 1485 606 petiuncula-

281 614 326 650 tis
344 613 503 649 indivisis
515 611 894 662 glomerulitorm'ibus
912 609 1131 659 paucifloris.
1162 611 1214 659 (J.
1230 609 1367 656 M.D.)
1396 622 1432 647 v.
1448 622 1484 645 v.

176 687 215 722 4.
244 682 290 719 C.
310 680 537 730 paniculum,
565 680 670 716 caule
704 678 963 727 glabriusculo,
1008 679 1113 727 spicis
1145 677 1293 714 divisis:
1333 676 1485 714 floribus

281 732 499 770 distantibus
517 731 663 781 glabris,
691 730 870 767 fructibus
888 729 1079 779 angulatiS.
1136 729 1207 778 (J.)
1263 742 1296 766 v.
1314 741 1348 766 υ.

637 862 840 899 LAumms
869 871 1029 898 amne,

176 962 547 1002 GYROCARPUS.
605 962 712 1012 Jacq.
732 973 844 998 amer.
855 1008 875 1048 t.
900 960 1015 1047 lGoert.
1033 971 1115 996 sem.
1172 956 1286 996 Roxh.
1303 968 1428 994 coram.
1453 963 1486 993 1.

730 1021 769 1063 p.
794 1019 824 1049 1.
873 1039 881 1048 .
928 1039 938 1049 .

176 1099 384 1147 Hermaph.
429 1096 689 1136 Periantlzium
719 1107 908 1144 superum,
939 1093 1194 1131 4--8-fidum.
1251 1091 1416 1131 Stamina
1445 1097 1484 1136 4,

279 1152 470 1200 perigyna‚
489 1148 682 1199 perianthii
704 1147 842 1184 laciniis
859 1145 1034 1195 opposita.
1062 1144 1239 1182 Anthene
1257 1143 1483 1187 biloculares,

281 1202 417 1241 locutis
435 1201 582 1238 valvum
599 1212 620 1236 a
637 1198 712 1237 basi
728 1199 772 1235 ad
787 1199 931 1246 apicem
949 1197 1159 1233 dehiscenti.
1218 1194 1392 1233 Ovarium
1404 1207 1491 1231 moa

285 1264 543 1302 nospermum,
561 1251 671 1288 ovulo
689 1250 861 1299 pendulo.
907 1248 1030 1298 Slylus
1048 1247 1291 1297 brevissimus.
1347 1245 1488 1295 Stigma

279 1306 494 1354 capitatum,
513 1303 719 1351 obliquum.
748 1302 883 1350 Drupa
900 1301 1003 1348 apice
1021 1299 1163 1336 bialata.
1204 1297 1387 1335 Albumen
1403 1297 1485 1333 nul-

282 1355 378 1393 lum.
436 1353 594 1402 Embryo
624 1355 800 1391 inversus.
855 1350 1086 1401 Cotyledones
1113 1350 1277 1400 spitales,
1290 1349 1483 1398 petiolatae.

284 1407 458 1446 Plumula
477 1406 654 1456 diphylla.

230 1459 352 1499 Mase.
383 1460 438 1505 (in
456 1458 588 1496 eedem
605 1452 730 1508 cyme)
755 1454 959 1494 Perianthio
976 1461 1014 1492 et
1034 1453 1256 1491 staminibus
1275 1450 1354 1488 fere
1378 1457 1420 1489 ut
1451 1452 1487 1489 in

282 1511 411 1548 herma
439 1511 477 1548 h.

234 1524 438 1602 ArboreS.p
460 1561 561 1599 Folia
593 1568 721 1610 sparsa
749 1559 799 1596 ad
827 1558 1084 1596 extremitatem
1117 1568 1296 1593 ramorum
1316 1555 1489 1604 conserta,

279 1614 473 1663 petiolum,
503 1612 736 1661 exstipulata,
780 1610 870 1654 lata,
898 1609 1051 1646 indivisa
1083 1621 1127 1645 v.-
1153 1607 1286 1651 Iol-ata,
1330 1606 1487 1643 decidua.

287 1666 423 1715 Cymae
460 1664 643 1708 axillares,
687 1662 912 1704 dichotomoe‚
936 1661 1158 1710 polygamae.
1207 1658 1330 1695 Flores
1348 1657 1485 1695 herma-

278 1715 443 1766 phroditi
459 1716 497 1753 in
514 1714 736 1756 dichotomiis
754 1712 924 1758 solitarii,
953 1711 1084 1764 reliqui
1101 1708 1288 1757 masculi&

231 1783 380 1824 OnsJ.
410 1784 472 1822 Ad
487 1784 627 1822 calcem
648 1781 893 1821 Laurinarum
913 1781 1018 1831 posui
1048 1790 1176 1829 genus,
1206 1777 1309 1830 nullgn
1340 1777 1488 1826 cognito

281 1837 381 1874 arcte
399 1835 524 1881 affine,
551 1835 614 1872 sed
649 1835 735 1871 huic
763 1833 880 1870 ordini
912 1841 954 1869 nt
972 1832 1063 1868 mihi
1097 1830 1237 1867 videtur
1263 1824 1412 1878 piopihs
1430 1841 1489 1865 ac·

283 1888 417 1926 cedens
450 1899 562 1937 quam
598 1885 850 1936 Myrobalanis
887 1884 989 1922 Juss.
1021 1881 1316 1930 (Combretaceis
1333 1880 1426 1923 Nob.
1453 1881 1491 1916 in

285 1940 454 1988 sequenti
471 1937 660 1976 voiumine
676 1935 903 1980 tractandis,)
931 1934 1114 1984 praecipue
1130 1935 1178 1970 ob
1197 1931 1391 1969 Perianthii
1410 1932 1489 1968 An-

283 1991 542 2039 therarumque
556 1995 777 2026 structuram
791 1995 828 2024 et
853 1987 1061 2024 Plumuiam
1085 1986 1329 2033 conspicuam.
1388 1982 1488 2019 Ova-

284 2042 380 2079 rium
396 2043 569 2091 equidem
590 2040 764 2084 inferum,
801 2039 898 2087 quod
930 2039 968 2074 in
1002 2037 1169 2075 Laurinis
1200 2046 1386 2085 superum,
1425 2035 1489 2071 sed

282 2093 367 2133 haec
401 2100 487 2131 nota
505 2093 602 2129 haud
619 2093 746 2140 magni
769 2091 900 2128 valoris
917 2090 954 2127 in
972 2090 1100 2126 ordine
1119 2089 1156 2125 in
1173 2099 1247 2136 quo
1267 2088 1377 2123 tubus
1393 2088 1488 2132 peri·

284 2145 398 2182 anthii
416 2157 505 2182 cum
521 2144 643 2181 fructu
661 2142 792 2191 saepius
811 2141 1018 2190 ampliatur,
1037 2140 1272 2188 eundemque
1289 2137 1485 2187 aliquando

284 2196 439 2234 omnino
458 2197 564 2246 tegit,
593 2195 759 2244 quamvis
776 2206 850 2231 non
867 2192 1041 2231 adhaeret.

233 2247 333 2286 Ons.
352 2248 405 2284 Π.
434 2247 493 2284 De
513 2247 702 2296 speciebus
718 2245 822 2283 valde
838 2245 997 2283 incertus
1019 2255 1117 2288 sum,
1143 2241 1344 2279 consultius
1363 2245 1488 2278 autem

284 2299 374 2336 duxi
406 2311 608 2347 proponere
638 2304 832 2346 sequentes
868 2302 909 2333 ut
941 2294 1125 2331 distinctas
1155 2293 1428 2341 etaJacquinii
1451 2298 1489 2329 et

285 2350 488 2399 Roxburgii
504 2350 675 2390 diversas,
701 2360 813 2397 quam
829 2359 959 2384 omnes
977 2344 1213 2395 conjungere.
1268 2343 1411 2381 Interea
1430 2343 1485 2380 di·

284 2403 425 2452 agnosis
443 2414 463 2438 a
484 2401 558 2440 Cel.
582 2400 706 2438 Willd.
735 2399 914 2449 proposita
934 2399 1025 2435 iuter
1040 2398 1299 2434 Americanam
1325 2402 1362 2431 et
1380 2395 1487 2431 Asia·

285 2456 412 2497 ticam,
439 2453 594 2490 omnino
628 2463 778 2488 erronea
809 2463 885 2487 esse
919 2450 1074 2492 videtur,
1113 2448 1248 2497 quippe
1280 2446 1326 2483 de
1359 2446 1487 2494 planti

285 2504 469 2553 Jacquinii
496 2504 641 2541 nullum
660 2502 846 2551 exemplar
864 2509 980 2538 exstat
998 2502 1033 2537 in
1059 2499 1138 2549 ejus
1156 2498 1321 2535 herbario
1337 2497 1488 2534 Ameri-

286 2568 390 2602 ωηο,
401 2557 550 2594 nuncin
564 2567 692 2594 museo
707 2553 925 2598 Bauksiano,
943 2559 1074 2602 praeter
1087 2549 1373 2637 soliumunicun}
1389 2548 1487 2606 qued

1377 2607 1490 2636 emer
