1685 2870
665 193 1030 234 SCITAMINEAE.
1333 167 1336 170 ’
1419 194 1493 234 307

305 308 348 339 ut
363 301 401 337 in
419 296 632 348 Nymphaea
650 302 688 333 et
705 294 923 343 Nenuphar,
952 294 989 329 in
1002 292 1133 339 quibus
1160 301 1232 326 non
1250 289 1367 326 solum
1388 288 1497 337 plane

305 353 440 394 existit,
459 350 521 387 sed
532 350 675 398 proprio
693 348 945 395 integumento
964 345 1008 380 ab
1026 343 1213 379 albumine
1232 348 1414 389 segregata
1432 348 1501 375 est.

222 425 225 428 ·
256 405 353 443 Osss.
376 404 448 440 111.
475 400 753 438 AScitamineis
788 397 946 446 separavi
974 396 1238 431 CANNEARUM
1267 404 1415 441 parvam
1448 391 1501 426 fa-

309 456 465 499 miliam,
500 453 809 501 complectentem
840 449 1020 490 Cannam,
1049 445 1274 487 Marantam,
1315 443 1500 483 Thaliam,

312 507 528 555 Phrynium,
557 511 594 540 et
611 503 731 538 forsan
751 501 994 549 Myrosmam.
1060 496 1229 533 Anther-Zl
1246 496 1416 542 simplici,
1432 494 1502 530 Vi-

311 559 387 595 telli
404 558 564 599 defectu,
578 559 815 599 aromateque
833 550 997 586 debiliori
1015 562 1050 586 v.
1073 549 1176 584 nullo
1195 548 1382 583 diversam.
1440 546 1505 581 Se-

309 610 411 646 mina
434 607 618 645 evitellosa
635 617 654 640 a
671 606 706 640 b.
727 604 914 639 Gcertnero
931 603 968 636 in
999 601 1127 636 Canna
1145 599 1337 645 descripta,
1367 599 1401 632 in
1419 597 1506 632 Ma-

310 667 423 698 rantae
437 661 555 709 specie
566 664 603 694 et
620 657 657 692 in
671 656 803 691 Thalia
817 653 982 689 dealbata
1002 650 1130 688 Smilla.
1149 661 1293 698 quoque
1311 649 1507 684 observavi.

263 713 360 750 OBs.
382 713 450 748 lv.
482 710 562 748 Cel.
578 709 733 750 Roseoe,
755 708 788 741 in
816 706 1015 741 tentamine
1033 715 1098 739 sno
1126 703 1312 750 ingenioso
1330 700 1375 735 de
1395 700 1508 735 Scita-

315 764 521 801 minearum
552 760 797 808 dispositione,
828 757 863 791 in
894 767 1056 792 errorem
1085 753 1205 802 lapsus
1233 758 1287 788 est
1317 752 1362 786 de
1389 751 1512 787 fructu

312 815 469 857 Thaliae,
499 814 558 849 cui
586 810 755 848 adscribit
784 808 983 855 capsulam
1000 806 1236 841 bilocularem
1267 808 1294 823 “
1312 801 1513 838 seminibus

314 867 455 903 duobus
469 862 782 914 splendentibus‚'’
811 867 894 895 sunt
923 864 1046 894 autem
1067 857 1143 892 fere
1168 856 1277 891 verba
1297 853 1513 896 Burmanni,

313 924 350 955 et
368 918 490 954 neseio
505 915 578 964 qua
590 913 802 951 auctoritate
817 911 1013 959 proposita,
1029 910 1114 945 cnm
1130 907 1229 943 nulla
1245 906 1383 942 mentio
1396 907 1516 953 splen-

316 970 411 1007 doris
430 969 628 1008 seminum,
642 976 704 1001 seu
721 966 757 999 in
775 964 983 1000 charactere
1001 961 1203 1003 Plumierii,
1220 970 1281 994 seu
1302 959 1336 992 in
1358 958 1516 1004 descrip-

319 1022 478 1058 tionibus
490 1026 694 1060 auctorum,
707 1016 752 1052 ad
762 1015 929 1057 Thaliam
945 1012 1192 1061 geniculatam
1206 1010 1395 1058 perperam
1415 1009 1517 1056 equi-

319 1073 406 1109 dem
423 1085 444 1108 a
462 1073 673 1108 Burmanno
691 1069 899 1108 citatorum,
921 1065 1088 1101 occurrit.
1129 1067 1193 1097 Ast
1214 1062 1249 1096 in
1269 1059 1402 1096 Thalia
1419 1059 1518 1095 deal-

319 1125 406 1161 bata
418 1130 597 1160 structura
612 1121 719 1168 longe
733 1119 871 1155 diversa
884 1117 1024 1153 obtinet
1040 1132 1048 1161 5
1070 1112 1179 1162 hujus
1197 1114 1298 1149 enim
1315 1113 1428 1148 Bacca
1441 1124 1521 1146 rno-

319 1187 525 1223 nosperma,
555 1171 754 1208 substantia
784 1169 914 1218 parc&
948 1167 1104 1203 Seminis
1122 1165 1525 1214 integumentumsim·

321 1228 421 1278 plex‚
450 1227 621 1262 adnatum
639 1221 813 1259 albumini
831 1231 964 1268 magno
982 1230 1129 1261 corneo,
1154 1217 1191 1252 in
1210 1215 1315 1264 cujus
1335 1215 1527 1251 medio'in-

324 1279 446 1315 clusus
462 1284 516 1314 est
534 1275 691 1324 Eml³r310
708 1272 993 1322 longitudinaliS,
1013 1280 1178 1312 carneuS,
1199 1274 1384 1310 curvatus,
1413 1266 1528 1301 altero

327 1343 430 1367 crure
456 1328 678 1365 umbilicum
712 1326 928 1373 attingente,
969 1321 1082 1358 allero
1113 1321 1279 1356 breviore
1296 1336 1305 1363 3
1346 1318 1389 1353 ad
1419 1317 1528 1365 hujus

326 1388 526 1429 utrumque
546 1382 638 1415 latus
656 1380 762 1425 eique
780 1374 961 1425 parallela,
980 1374 1112 1408 cavitas
1132 1371 1269 1413 existit,
1285 1370 1421 1406 lectulo
1438 1369 1529 1404 Em-

328 1434 476 1483 bryonis
505 1430 718 1474 conformis,
747 1427 811 1463 sed
838 1437 983 1475 semper
1002 1436 1116 1460 vacua
1146 1422 1327 1472 pauloque
1358 1420 1526 1466 brevior3

330 1486 417 1522 hinc
444 1484 473 1520 si
500 1483 612 1519 sectio
640 1489 838 1517 transversa
867 1476 975 1525 juxta
1001 1478 1143 1525 apicem
1177 1474 1373 1510 albuminis
1408 1471 1531 1514 ducta,

333 1537 415 1573 duae
435 1536 580 1572 tantum
600 1533 770 1569 cavitates
796 1531 911 1566 obviae
942 1529 1028 1571 sint,
1061 1529 1182 1578 (crura
1200 1538 1334 1573 nempe
1352 1525 1532 1572 Embryo-

334 1588 422 1633 nis,)
453 1593 491 1623 et
508 1586 631 1634 quales
660 1584 696 1619 in
724 1582 841 1631 figura
862 1579 1047 1617 Plumierii
1066 1578 1261 1622 exhibitae3
1294 1577 1348 1613 sin
1366 1575 1452 1611 vero
1471 1586 1535 1622 per

334 1640 499 1677 medium
516 1636 710 1674 albuminis
726 1635 835 1670 sectio
849 1633 970 1671 ducta,
986 1643 1050 1667 sex
1065 1630 1234 1666 cavitates
1247 1630 1282 1664 in
1296 1635 1536 1676 conspectum

335 1692 498 1732 venient,
512 1700 646 1737 nempe
665 1698 769 1723 crura
786 1685 897 1733 ipsius
914 1683 1135 1729 Embryonis
1149 1690 1186 1717 et
1204 1677 1426 1717 lectulorum
1444 1680 1536 1714 duo-

337 1755 421 1780 rum
452 1741 655 1778 lateralium
685 1737 955 1774 abortientium·
1010 1734 1106 1770 Haec
1136 1745 1157 1768 e
1187 1733 1338 1781 propriis
1370 1732 1539 1766 observa-

339 1795 496 1831 tionibus
515 1791 636 1834 didici,
665 1801 808 1826 necnon
824 1800 870 1824 ex
888 1786 1028 1836 optima
1042 1785 1161 1833 figur-51.
1191 1784 1324 1820 inedita
1345 1783 1395 1821 D.
1409 1781 1540 1818 ,Γᾶν-(Ιί-

341 1845 451 1882 nandi
482 1844 604 1880 Bauer
620 1843 645 1889 3'
686 1841 747 1878 sed
787 1851 893 1876 causa
929 1838 1058 1874 erroris
1104 1834 1294 1872 Plamz'eriz'
1321 1833 1543 1882 jamdudum

342 1898 496 1934 indicata
528 1895 598 1931 fuit
622 1895 666 1929 ab
695 1892 812 1929 Illast.
842 1891 1026 1927 Adanson.
1063 1888 1233 1935 (in-sam.
1252 1893 1286 1923 2.
1314 1895 1349 1934 p.
1370 1886 1450 1931 65.)
1482 1884 1544 1932 qui

344 1956 470 1985 tamen
503 1958 626 1982 veram
661 1952 828 1980 naturam
863 1942 1021 1990 partium
1057 1940 1196 1974 fructus
1222 1938 1318 1974 haud
1352 1937 1544 1978 intellexit,

342 2007 380 2037 et
398 2000 570 2036 albumen
590 2008 654 2044 pro
675 2008 769 2031 nuce
784 1993 978 2042 perperam
996 1991 1143 2036 habuit5
1163 1991 1329 2026 orarium
1346 1990 1461 2030 enim,
1479 1988 1548 2024 sal-

344 2057 412 2090 tem
441 2052 478 2086 in
504 2048 637 2085 Thalia
649 2046 830 2088 dealbata,
861 2044 959 2080 certe
988 2052 1291 2089 monospermum
1330 2046 1395 2076 est.
1450 2039 1550 2075 Cum

348 2106 471 2150 itaque
490 2107 665 2137 structura
686 2098 770 2134 huic
784 2095 938 2133 omnino
965 2094 1106 2136 similis,
1141 2093 1315 2128 hactenus
1334 2093 1469 2138 absque
1487 2103 1553 2126 ex-

347 2155 488 2202 emplo,
507 2164 576 2188 nec
603 2149 678 2188 ulla
696 2149 847 2196 analoga
877 2151 1030 2193 (nempe
1046 2145 1277 2191 Embryones
1306 2144 1426 2192 plures
1444 2143 1479 2177 iu
1500 2142 1554 2177 di-

350 2205 488 2242 stinctis
519 2202 732 2239 cavitatibus
750 2199 916 2248 ejusdem
931 2196 1162 2240 albuminis)
1195 2197 1262 2231 nisi
1288 2196 1326 2231 in
1356 2194 1501 2242 Cycade
1518 2199 1557 2228 et

351 2266 615 2303 nonnunquam
632 2254 668 2288 in
685 2252 812 2294 Visco,
828 2250 974 2297 cognita
990 2249 1037 2283 sit
1052 2264 1061 2292 ;
1097 2259 1174 2283 rem
1194 2247 1390 2283 memorari
1408 2245 1558 2293 dignam

351 2321 428 2344 esse
446 2306 596 2350 credidi,
625 2305 790 2354 quamvis
807 2314 827 2338 a
844 2301 989 2350 proprio
1005 2311 1117 2348 ,scopo
1136 2298 1250 2335 libelli
1270 2298 1447 2336 alienam.

669 2415 958 2454 HELLENIA.
1020 2415 1071 2451 W
1075 2412 1153 2451 illd.

260 2492 455 2530 Heritiera.
513 2488 614 2525 Retz.
694 2486 852 2534 Alpiniae
870 2482 1023 2530 species.
1079 2480 1209 2518 Roseae
1226 2479 1261 2521 in
1281 2477 1369 2515 ίὶπη.
1390 2482 1501 2514 tram.
1531 2482 1567 2514 8.

760 2554 763 2558 ·
839 2542 880 2583 p.
900 2534 990 2571 346.

232 2622 241 2625 s
270 2607 472 2653 Periantlcii
490 2607 625 2647 limbus
643 2604 790 2642 interior
809 2600 1045 2644 unilabiatu's,
1074 2600 1150 2638 basi
1186 2598 1359 2645 utrinque
1389 2595 1574 2632 denticulo

861 2659 884 2689 2
904 2664 928 2690 R
948 2657 971 2688 2
1436 2653 1573 2686 anctus.
