1685 2870
488 192 813 233 GRAMINEAE.
934 192 1173 234 Hierochioe.
1407 201 1484 243 209

229 292 409 331 Gramina
419 292 570 342 glabra,
581 293 684 330 odore
698 291 968 330 Anthoxanthi.
1020 292 1144 330 Flores
1158 290 1371 341 paniculaei,
1380 292 1481 340 flos-

279 344 357 382 culo
374 343 661 394 hermaphrodito
678 343 889 389 suhmutico,
918 343 1129 382 lateralibus
1146 343 1386 382 subare'statis.

225 427 319 466 Ons.
340 427 468 465 Genus
486 428 814 471 distinctissimum,
843 428 966 478 plures
991 429 1129 478 species
1146 427 1410 478 complectens,
1439 430 1478 467 in

274 476 411 528 frigidis
429 479 674 529 hemisphaerii
691 481 881 528 utriusque
898 480 1165 528 provenientes.

225 529 417 568 Flosculus
437 531 671 568 intermedius
685 531 876 580 perfectior
886 531 1135 568 characterem
1158 530 1388 569 essentialem
1407 543 1474 580 ge-

273 583 369 619 neris
386 583 535 632 praebet,
553 584 614 630 qui
635 590 767 619 notatu
780 583 924 631 dignm,
939 595 1014 619 non
1032 583 1149 619 solum
1170 584 1269 631 quod
1288 584 1324 619 in
1345 583 1473 620 ordine

273 634 489 677 inusitatior,
503 634 565 670 sed
579 635 664 682 quia
680 634 838 671 indicare
851 634 994 671 videtur
1012 642 1232 672 structuram
1245 646 1367 671 veram
1381 635 1472 671 alio-

270 697 353 721 rum
369 697 561 734 generum,
579 686 782 736 praeSertim
790 685 1061 729 Anthoxanthi‚
1075 686 1163 722 huic
1180 686 1358 723 affinitate
1374 687 1474 724 certe

268 737 446 785 proximi,
456 743 658 786 pariterque
672 737 810 774 odorati
825 753 833 774 :
857 738 893 773 in
909 737 1176 776 Anthoxantho
1190 744 1316 776 autem
1329 737 1472 776 flosculi

269 788 434 826 laterales
455 791 568 838 magis
587 788 805 838 imperfecti,
820 790 1022 833 univalves,
1051 790 1169 826 neutri
1184 807 1194 835 3
1231 794 1314 837 (pro
1332 789 1472 826 corolla

267 839 398 877 bivalvi
417 853 437 876 a
453 841 607 877 Linnaeo
624 848 661 876 et
689 841 897 878 auctoribus
915 842 1087 878 omnibus
1103 841 1223 878 habiti.
1233 843 1266 888 5)
1295 842 1470 877 interme-

266 891 348 928 dius
361 893 494 936 minor,
509 893 697 943 perperam
712 905 732 929 a
749 893 1242 930 SchreberoutiNectarium
1254 893 1469 942 descriptus.

266 943 403 980 Similis
417 945 621 994 suppressio
638 943 875 981 flosculorum
890 944 1094 981 lateralium
1107 945 1247 982 obtinet
1264 956 1413 994 quoque
1432 945 1470 981 in

266 994 461 1038 Ehrhartfi,
487 995 745 1038 Tetrarrhena,
775 995 1007 1039 Microlaena,
1040 996 1241 1040 Phalaride,
1270 1003 1307 1033 et
1342 997 1378 1032 in
1399 997 1469 1033 Po-

264 1047 444 1083 mereulla
458 1046 563 1096 cujus
577 1054 753 1084 structura
766 1060 786 1084 a
801 1048 954 1084 Liunaeo
968 1047 1045 1084 filio
1059 1047 1159 1084 haud
1169 1048 1263 1085 bene
1281 1048 1468 1085 intellecta

266 1097 350 1136 suit.

165 1186 200 1218 1.
228 1178 281 1217 H.
302 1179 514 1225 antarctica,
542 1181 709 1231 panicula
730 1181 848 1219 effusa
864 1183 1101 1226 subnutante,
1128 1182 1263 1231 glumis
1280 1182 1467 1220 uninervi-

264 1233 332 1268 bus
349 1232 471 1268 carina
490 1233 655 1277 laevibus,
683 1233 842 1270 flosculis
864 1234 1034 1270 masculis
1060 1235 1212 1271 aristatis
1230 1235 1464 1283 pubescenti-

263 1284 333 1320 bus
365 1284 472 1320 dorso
508 1285 743 1334 margineque
777 1285 906 1322 ciliatis
934 1285 1028 1322 villis
1049 1287 1288 1329 subcurvatis,
1316 1286 1466 1323 herma-

261 1335 433 1385 phrodito
450 1336 718 1381 mucronulato,
747 1337 842 1373 foliis
860 1337 988 1386 planis.
1047 1338 1134 1385 (D.)
1188 1351 1222 1375 v.
1235 1350 1270 1375 v.

212 1385 455 1424 Disarrenum
471 1389 724 1426 antarcticum.
754 1388 889 1426 Lahill.
909 1402 989 1427 nov.
1010 1387 1093 1427 boll.
1111 1397 1148 1427 2.
1174 1399 1212 1438 p.
1234 1395 1296 1426 83.
1325 1394 1353 1428 t.
1373 1395 1462 1427 232.

211 1453 308 1491 OBs.
338 1454 438 1491 Huic
466 1466 577 1503 quam
604 1457 766 1492 maxime
785 1456 903 1493 affinis
921 1463 975 1493 est
998 1457 1139 1494 Holcus
1158 1457 1323 1494 redolens
1344 1456 1460 1494 Foru,

256 1506 360 1554 prod.
376 1519 414 1545 n.
437 1507 525 1544 563.
544 1509 589 1544 ab
602 1507 663 1545 illo
678 1520 698 1544 e
711 1508 850 1544 schedis
866 1509 1030 1545 Solandri
1045 1516 1246 1553 mutuatus,
1261 1515 1298 1545 et
1311 1521 1359 1546 ex
1372 1521 1461 1546 auc-

259 1558 403 1594 toritate
418 1560 682 1607 exemplarium
698 1561 733 1595 in
745 1560 862 1597 Herb.
878 1560 1010 1597 Banks.
1026 1560 1187 1597 diversus
1203 1561 1462 1598 tantummodo

259 1608 405 1645 valvula
422 1609 589 1646 interiore
603 1611 741 1659 glumae
755 1612 830 1648 basi
843 1612 992 1648 trinervi
1007 1612 1086 1661 pilis
1101 1611 1359 1661 marginalibus
1375 1612 1460 1649 dor-

258 1661 466 1710 salibusque
508 1662 747 1700 flosculorum
790 1663 997 1702 lateralium
1042 1665 1187 1708 strictis,
1220 1664 1458 1713 longioribuS.

259 1712 404 1749 Holcus
438 1714 604 1752 redolens
645 1713 747 1752 Vakl.
774 1714 887 1765 symb.
909 1721 945 1753 2.
969 1723 1007 1764 p.
1035 1721 1117 1753 102.
1145 1716 1190 1753 ab
1218 1716 1373 1764 utraque
1400 1716 1462 1752 di·-

257 1763 410 1802 stinctus
426 1766 592 1812 panicula
607 1767 814 1810 coarctata,
829 1767 979 1805 floribus
1006 1766 1215 1815 majoribus,
1245 1767 1458 1816 glumarum

258 1816 388 1853 carinis
422 1816 614 1854 denticulis
650 1820 779 1866 sparsis
813 1819 1074 1856 scabriusculis.
1138 1819 1227 1855 Aira
1261 1819 1458 1856 antarctica

260 1866 377 1904 Forst.
409 1867 516 1914 prod.
543 1881 578 1908 n.
612 1873 676 1907 41.
709 1881 729 1906 a
760 1869 841 1907 Cel.
866 1869 1124 1907 Labillardiere
1145 1871 1190 1907 ad
1213 1870 1457 1908 Disarrenum

256 1920 496 1956 antarcticum
520 1932 626 1957 suum
658 1920 866 1958 dubitanter
894 1921 1017 1958 relata,
1043 1952 1045 1954 .
1075 1922 1198 1970 planta
1214 1922 1456 1960 diversissima

253 1975 324 2015 est,
352 1977 391 2007 et
403 1970 477 2008 fide
496 1972 704 2020 speciminis
723 1973 938 2010 Forsteriani
954 1976 1094 2012 Avenoe
1108 1973 1256 2024 species

595 2117 1012 2157 TETRARRHENA.

155 2197 289 2236 Gluma
306 2198 475 2244 uniflora,
502 2201 665 2245 bivalvis,
693 2202 896 2251 perianthio
914 2203 1048 2240 minor.
1104 2203 1355 2242 Per-ianthium
1379 2215 1453 2240 ses·

256 2251 333 2293 sile,
361 2251 511 2300 duplex,
539 2259 738 2302 utrumque
773 2255 926 2297 bivalve,
953 2256 1089 2303 absque
1121 2255 1318 2304 squamulis
1349 2262 1454 2292 exte-

255 2302 409 2339 rioribus
442 2304 665 2341 fasciculisve
699 2306 872 2353 pilorum.
928 2305 1143 2357 Squamuloe
1172 2313 1196 2343 2
1230 2307 1449 2356 hypogynae,

254 2353 444 2402 oppositae,
488 2356 639 2393 valvulis
667 2358 859 2406 perianthii
890 2358 1123 2396 alternantes,
1195 2357 1361 2396 Stamina
1395 2358 1448 2395 4!

256 2403 353 2455 Stylz'
370 2412 407 2443 2.
455 2405 636 2456 Stigmata
653 2409 833 2457 plumosa.

205 2454 311 2504 Spica
339 2470 528 2502 racemosa,
555 2458 719 2508 simplex,
746 2460 916 2510 aequalis.
970 2460 1091 2498 Flores
1120 2459 1258 2506 malici,
1286 2460 1377 2497 cert}
1399 2465 1452 2498 te·

251 2509 408 2554 trandri,
437 2522 480 2546 ex
494 2509 642 2558 repetito
655 2511 817 2549 examine
843 2519 918 2550 tam
936 2513 1085 2550 recentis
1101 2526 1211 2565 quam
1228 2512 1346 2550 siccoe.

763 2570 786 2601 2
807 2576 828 2599 E
889 2587 893 2589 ἡ
1223 2570 1256 2600 1.
1282 2563 1329 2601 T.
1349 2563 1450 2601 disti-
