1685 2870
654 202 1033 246 SANTALACEAE'.
1411 223 1459 256 35
1468 224 1484 256 l

303 297 380 336 uno
409 307 545 350 puncto
567 302 762 348 cohaerens,
790 307 843 342 uti
870 304 1090 353 jamdudum
1123 321 1143 347 a
1170 311 1207 349 b.
1227 312 1416 354 Gaertnero
1446 319 1484 355 in

304 348 523 401 Hippophae
546 354 826 393 determinatum
858 357 940 403 fuit,
977 367 1010 396 et
1040 373 1153 410 nuper
1184 365 1219 400 in
1251 373 1327 403 toto
1354 381 1488 417 genere

303 400 768 454 Elaeagniobservavimus3
800 409 838 444 in
870 419 1022 459 utroque
1057 425 1190 461 genere
1208 415 1382 456 Ovarmm
1404 434 1487 458 mo·

303 465 553 502 nospermum,
580 459 691 496 ovulo
720 466 853 507 erecto,
886 461 1018 499 semen
1050 467 1383 515 exalbuminosum‚
1415 473 1487 510 Ra.

300 504 418 544 dicula
434 509 641 558 embryonis
658 512 744 547 recti
770 512 895 556 infera,
923 526 991 550 nec
1009 516 1063 552 uti
1081 517 1103 553 J
1107 529 1240 554 ussaeus
1260 521 1296 555 in
1316 522 1488 573 Elaeagno

300 560 425 596 statuit
444 573 579 609 supera.
635 561 733 598 Hinc
754 561 858 611 hujus
892 564 1037 602 familiae
1056 580 1144 604 cnm
1178 571 1375 610 Proteaceis
1404 576 1487 613 affi-

297 607 391 646 nitas
409 618 570 660 apparet,
598 614 660 650 sed
678 615 723 650 ab
740 614 867 651 iisdem
886 615 990 653 facile
1006 619 1255 669 distinguenda
1274 626 1487 664 staminibus

301 660 508 709 (perianthii
537 663 663 710 4-fidi)
698 665 834 702 laciniis
851 667 1153 716 alternantibus„
1211 696 1254 710 .„-
1279 677 1282 680 ⁴
1350 678 1357 683 '
1444 681 1455 685 ”

1246 704 1284 713 2„
1297 704 1302 710 .
1312 697 1402 718 almi.
1416 712 1424 716 ,
1449 707 1454 714 .

338 731 443 750 ..uuih-
488 741 539 753 κω*
556 739 570 752 *2
585 737 659 753 mass-
681 746 684 749 -

246 759 368 811 Nyssa
402 766 462 801 cui
489 769 652 804 ovarium
686 781 986 819 monospermum
1017 778 1053 808 et
1075 774 1237 826 Embryo
1256 778 1485 823 (auctoritate

296 814 466 853 Richardi
483 824 522 854 et
540 818 719 856 Gaertneri
737 821 833 865 filii)
851 823 1035 860 albumine
1051 827 1220 871 inclusus,
1248 830 1484 879 Cotyledoni-

298 866 365 902 bus
382 867 540 906 foliaceis
558 876 595 906 et
614 871 786 908 Radicula
805 875 946 922 supera,
975 876 1019 910 ab
1038 877 1238 927 Elaeagneis
1259 882 1367 931 longe
1384 896 1484 922 rece-

295 917 362 961 dit,
389 925 426 956 et
445 920 660 959 Santalaceis
679 931 801 960 tamen
820 926 879 961 vix
897 927 1057 963 associari
1078 931 1198 978 possit.

247 968 396 1015 Bucida,
423 971 647 1011 Terminalia
682 976 744 1022 (ad
777 988 886 1024 quam
919 977 1036 1015 forsan
1071 981 1268 1019 referendae
1301 985 1430 1024 Pamea
1447 994 1485 1025 et

206 1024 210 1028 '
294 1020 506 1060 Tanibouca
525 1025 652 1072 Aubl.)
673 1032 710 1062 et
737 1027 927 1072 Chuncoa,
956 1031 1155 1069 sectionem
1184 1037 1380 1074 secundam
1409 1041 1484 1076 for-

296 1083 451 1116 manteS‚
479 1087 567 1113 cum
587 1077 793 1125 Quisquam
823 1079 1036 1125 Combreto‚
1065 1083 1246 1122 Caconcia
1268 1089 1376 1128 Aah-l.
1413 1091 1483 1128 La-

293 1126 505 1172 guncularia
527 1128 642 1164 Gcert.
654 1129 717 1175 fil.
750 1130 907 1167 Getonia
928 1132 1037 1170 Roxb.
1066 1134 1291 1186 Conocmpo,
1323 1147 1361 1176 et
1388 1153 1483 1180 novo

292 1187 427 1224 genere
452 1178 630 1216 decandro
658 1180 857 1230 Roxburgii
884 1182 970 1219 huic
997 1188 1177 1234 proximo,
1203 1190 1366 1228 ordinem
1394 1206 1483 1231 con-

292 1233 388 1264 stant
406 1228 620 1278 Santalaceis
650 1235 917 1271 conterminum
949 1235 1034 1273 licet
1063 1238 1163 1286 plura
1182 1242 1352 1280 coronata
1366 1254 1474 1283 sunt:

292 1278 330 1313 in
350 1279 405 1315 his
429 1282 598 1318 ovarium
623 1283 860 1327 uniloculare‚
889 1287 1005 1322 ovulis
1033 1301 1107 1325 uno
1135 1291 1296 1338 pluribus
1327 1298 1482 1343 (2—4),

290 1331 337 1366 ab
355 1332 456 1379 apice
483 1333 590 1369 loculi
623 1335 803 1382 pendulis,
831 1338 966 1385 absque
995 1340 1169 1378 columna
1197 1346 1359 1383 centrali.
1414 1350 1485 1387 Al-

295 1382 431 1420 bumen
473 1386 637 1432 (seminis
657 1387 751 1423 unici
780 1390 1070 1436 maturescentis)
1091 1393 1247 1433 nullum,
1301 1397 1484 1448 Embryo.

292 1433 348 1469 nis
366 1435 610 1484 Cotyledones
634 1437 1040 1490 foliaceae‚-saepiu8que
1071 1443 1255 1485 involutae.
1310 1449 1481 1491 Radicula

290 1495 430 1532 supera.
485 1488 649 1525 Plumula
668 1490 912 1540 inconspicua.
966 1493 1085 1531 Flores
1109 1496 1388 1545 diplostemones
1421 1505 1479 1542 vel

286 1536 376 1572 dum
396 1537 629 1576 isostemones
648 1541 809 1579 Stamina
823 1542 958 1581 laciniis
971 1547 1159 1593 perianthii
1176 1550 1398 1592 alternantia.

239 1585 354 1623 Hunc
387 1590 552 1627 ordinem
593 1592 883 1638 (Combretaceae
915 1597 1128 1644 dicendum)
1150 1601 1241 1638 inter
1259 1602 1480 1653 polypetalos

289 1640 408 1686 posui,
436 1653 509 1678 non
529 1643 645 1679 solnm
667 1652 812 1693 propter
844 1647 1047 1685 Petalorum
1066 1650 1102 1686 in
1131 1652 1292 1699 pluribus
1318 1658 1477 1696 existen-

288 1690 392 1735 tiam,
421 1693 484 1729 sed
499 1696 585 1741 quia
599 1706 682 1732 vera
696 1704 823 1734 natura
838 1700 993 1746 partium
1013 1700 1274 1753 affinitatesque
1291 1708 1475 1756 ordinum,

287 1753 334 1777 ex
351 1745 657 1794 contemplatione
673 1759 852 1796 generum
872 1751 907 1786 in
926 1753 1056 1799 quibus
1073 1760 1248 1793 structura
1262 1761 1374 1808 magis
1390 1775 1477 1800 evo-

285 1791 374 1837 luta,
403 1807 513 1843 quam
530 1809 578 1834 ex
595 1798 636 1833 iis
654 1800 784 1848 quibus
801 1801 918 1851 aliqua
932 1815 1011 1852 pars
1029 1817 1228 1855 suppressa,
1257 1812 1385 1849 melius
1395 1816 1472 1852 erui

288 1852 435 1892 queant.

235 1908 333 1948 OBs.
355 1912 426 1950 ΙΙΙ.
458 1913 569 1951 Haud
597 1915 697 1953 laevis
726 1918 955 1958 confirmatio
989 1922 1163 1962 doctrinae
1189 1927 1394 1975 Jussaeanae,
1427 1934 1473 1970 de

286 1963 419 2013 Calyce
438 1971 474 2001 et
491 1966 708 2024 Corolla,ek
738 1970 1084 2011 Combretacearum
1114 1978 1248 2016 familia
1277 1981 1473 2022 haurienda

285 2016 354 2051 sit:
386 2016 421 2052 Si
440 2018 538 2054 enim
567 2031 614 2055 ex
649 2021 850 2070 propinqua
879 2027 1093 2073 cognatione
1118 2042 1204 2066 cum
1226 2031 1416 2083 Quisquali
1434 2043 1472 2074 et

285 2065 484 2105 Combreto
500 2070 603 2119 calyx
624 2072 854 2110 Terminalia>
871 2078 1092 2123 conceditur,
1107 2081 1242 2118 indoles
1259 2086 1391 2132 pariter
1409 2100 1470 2125 ca-

285 2116 406 2165 lycina
425 2121 666 2169 integumenti
682 2123 814 2162 floralis
845 2127 1147 2176 Santalacearum,
1177 2133 1465 2184 Elaeagnearum,

287 2168 564 2209 Proteacearum
581 2181 618 2210 et
629 2174 939 2224 Thymelaearum,
968 2182 1028 2218 vix
1045 2182 1254 2233 deneganda
1269 2188 1326 2226 sit.

234 2218 370 2268 Aliqua
388 2228 509 2260 tamen
527 2234 751 2273 argumenta,
779 2228 872 2266 hanc
889 2232 1159 2272 conclusionem
1187 2239 1304 2286 primo
1332 2241 1466 2280 intuitu
1497 2253 1500 2255 ’

284 2278 326 2308 ut
344 2273 506 2311 videatur
520 2275 616 2313 haud
635 2279 764 2326 parum
790 2280 1019 2327 infirmantia,
1049 2284 1134 2323 licet
1151 2300 1171 2324 a
1188 2289 1290 2327 nullo
1316 2300 1467 2333 auctore
1506 2338 1509 2341 ¹

281 2323 490 2362 adhucdum
517 2328 652 2375 prolata
679 2329 793 2374 fuere,
825 2333 977 2370 minime
996 2337 1177 2376 reticenda
1193 2341 1286 2380 sint:
1316 2356 1464 2395 nempe,

286 2380 382 2412 lmo.
402 2377 445 2413 In
464 2376 644 2424 Clzoretro,
671 2393 693 2416 e
717 2382 1004 2423 Santalacearum
1033 2388 1183 2435 familia,
1211 2401 1390 2441 quantum
1421 2399 1466 2434 de

277 2425 432 2465 flosculo
464 2430 708 2468 minutissimo
738 2445 939 2473 asseverare
970 2437 1090 2484 liceat,
1130 2442 1302 2482 denticuli
1336 2447 1467 2486 adsunt

277 2478 382 2516 basin
400 2480 588 2529 perianthii
604 2483 708 2520 extus
724 2488 942 2526 munientes,
996 2490 1080 2530 2do,
1098 2491 1284 2532 structura
1301 2499 1410 2535 ovarii
1428 2506 1468 2538 et

279 2527 438 2568 Seminis
459 2531 578 2570 olacis
604 2546 691 2571 cum
721 2535 858 2575 Thesio
888 2539 1030 2589 penitus
1056 2547 1239 2591 convenit,
1267 2555 1304 2584 et
1321 2548 1465 2588 habitus

251 2600 254 2602 v
280 2580 425 2632 insuper
457 2583 746 2626 Santalacearum
778 2589 868 2629 adeo
896 2592 1035 2640 similis,
1058 2602 1100 2633 ut
1130 2596 1176 2635 de
1198 2597 1308 2648 hujus
1323 2604 1465 2651 generis

1288 2651 1464 2692 affinitate
