1685 2870
200 229 276 262 332
525 223 839 262 ORCHIDEAE.
894 221 1149 275 Cymbidium.'

303 322 397 371 callo
415 322 501 360 disci
519 331 625 360 ovato
641 325 741 372 apice
758 324 875 361 soluto
903 326 1063 372 dentato,
1095 325 1189 362 foliis
1215 325 1501 365 lanceolam-ob-

305 374 434 422 longis,
490 375 571 421 (Τ.)
627 390 661 413 v.
680 390 710 412 v.

252 425 347 461 Osss.
378 426 618 463 Limodorum
634 435 764 463 nutans
797 428 908 465 Roxla
939 428 1093 472 Coromf,
1111 441 1129 465 a
1148 442 1221 477 quo
1245 436 1366 466 nostra
1382 430 1502 478 planta

300 477 395 513 forte
414 477 507 513 haud
525 479 694 526 specifice
711 480 860 521 diversa,
879 478 988 526 hujus
1009 480 1194 529 phalangis
1212 487 1286 525 est;
1304 481 1361 518 hae
1378 489 1502 520 autem

299 541 387 564 cum
416 529 612 566 Limodoro
644 543 797 567 recurvo
835 532 946 569 Roxlv.
983 532 1134 580 aliisque
1167 534 1352 581 speciebus
1385 534 1502 570 Indiae

300 579 512 624 Orientalis,
543 594 657 630 genus
691 584 877 632 proprium
893 583 1085 620 efformare
1117 584 1287 621 videntur
1320 585 1499 622 Malaxidi

300 631 514 678 proximum
528 633 667 677 habitu,
686 646 755 670 nec
771 635 931 671 multum
943 636 1107 672 absimile
1122 636 1303 673 structura
1316 637 1499 674 columnae

301 683 474 732 florisque
493 686 729 734 expansione.

651 800 1034 840 SARCOCHILUS.

197 881 398 919 Peridntlzii
413 882 535 920 foliola
554 891 591 928 5,
611 885 773 932 aequalia,
802 887 972 933 patentia,
992 887 1065 922 duo
1079 886 1255 924 exteriora
1272 900 1359 924 cum
1374 900 1498 937 ungue

296 934 417 971 labelli
436 937 563 972 subt-iis
586 947 751 973 connata.
806 937 994 973 Lab-ellam
1015 939 1211 986 posticum,
1239 940 1494 985 ecalcaratum‚

297 999 423 1035 ungue
455 988 628 1024 columna
657 989 1043 1034 continuo;.Lamina
1063 990 1298 1034 calceiformi,
1328 989 1412 1029 lobo
1439 993 1494 1029 in·

297 1039 476 1076 termedio
495 1051 658 1084 carnoso,
679 1040 801 1077 solido.
845 1040 1008 1077 Anthera
1027 1042 1238 1085 terminalis,
1259 1042 1416 1086 mobilis,
1435 1043 1498 1079 de·

297 1090 414 1128 cidua.
471 1091 597 1128 Pollen
616 1104 843 1129 cereaceum.

245 1157 341 1193 Ons.
370 1157 544 1194 Medium
565 1164 666 1195 tenet
684 1159 779 1195 inter
795 1159 991 1207 Cymbidia
1009 1161 1195 1208 parasitica
1213 1160 1416 1208 perianthio
1435 1174 1496 1210 pa-

296 1211 401 1252 tenti,
429 1217 466 1246 et
485 1210 709 1254 Dendrobia,
739 1211 793 1246 his
823 1217 947 1247 tamen
977 1211 1105 1248 habitu
1125 1220 1160 1248 et
1179 1212 1359 1250 structura
1387 1214 1497 1262 pauli)

296 1262 412 1310 magis
429 1262 604 1298 accedens
625 1263 688 1299 scd
706 1263 764 1298 vix
784 1261 1074 1311 conjungendus,

246 1344 476 1393 sssalcatus.
532 1346 602 1394 (J.)
655 1360 690 1383 v.
712 1360 746 1384 v.

544 1462 615 1499 DE
622 1463 654 1500 N
661 1462 770 1499 DRO
777 1462 930 1500 BIUM.
988 1463 1147 1502 Swartz.

194 1543 446 1583 Periantlzium
463 1552 746 1595 erecto-patenS,
761 1546 883 1583 foliola
901 1546 1060 1584 lateralia
1077 1546 1251 1583 exteriora
1269 1559 1356 1585 curn
1375 1559 1498 1596 ungue

294 1598 416 1634 labelli
433 1598 618 1635 ecalcarati
648 1598 719 1635 basi
741 1606 910 1641 connata,
935 1599 1052 1635 calcar
1079 1599 1298 1636 aemulantia.
1354 1599 1499 1636 Labelf'i

294 1649 430 1685 lamina
465 1650 650 1686 articulata
683 1662 771 1686 cum
789 1662 911 1699 ungue
924 1650 1099 1688 columna
1113 1651 1301 1690 continuo.
1331 1650 1494 1692 Anthera

235 1710 237 1713 “
294 1702 506 1745 terminalis,
537 1702 697 1745 mobilis,
726 1702 890 1738 decidua.

242 1768 336 1806 Osss.
365 1769 493 1806 Genus
511 1770 629 1806 forsan
647 1769 896 1806 dividendum.
952 1769 1096 1818 Species
1120 1770 1218 1805 enim
1241 1769 1391 1811 Labello
1407 1781 1492 1817 pos-

296 1822 380 1858 tico.
421 1821 603 1867 (Floribus
635 1822 848 1868 resupinatis
885 1821 1034 1858 secund.
1053 1822 1180 1866 Auct.)
1226 1822 1493 1868 aliquantulum

294 1872 467 1908 differunt
497 1873 674 1909 structura
708 1873 896 1909 Antherae.
950 1873 1008 1909 Ad
1041 1873 1134 1909 hanc
1165 1873 1384 1922 phalangem
1418 1873 1496 1910 fere

292 1935 423 1960 omnes
442 1926 578 1970 species
598 1925 718 1961 Novae
734 1924 942 1961 Holiandiae
962 1925 1196 1974 peruium-igin
1211 1925 1341 1972 quibus
1360 1924 1495 1960 racemi

293 1976 542 2024 oppositifolii,
580 1989 648 2012 nec
681 1976 843 2013 axillares
878 1989 913 2014 v.
933 1977 1019 2012 vere
1047 1976 1254 2013 terminales
1287 1976 1350 2013 sed
1384 1977 1496 2013 instar

293 2039 481 2064 ramorum
499 2040 544 2064 ex
559 2029 725 2078 opposito
738 2028 851 2064 latere
870 2028 1010 2065 articuli
1025 2028 1158 2064 caulini
1171 2028 1252 2067 orti.

196 2117 230 2147 1.
258 2108 308 2149 D.
328 2110 553 2155 undulatam,
583 2111 676 2149 foliis
695 2111 830 2148 bifariis
848 2111 1127 2161 ovali-oblongis
1161 2112 1406 2160 emarginatis,
1436 2123 1493 2149 ra·

295 2163 407 2198 cemis
435 2163 685 2212 oppositifoliis
715 2163 946 2212 longissimis,
975 2164 1109 2200 labello
1138 2164 1234 2199 inttis
1262 2164 1490 2201 5-carinato:

293 2214 379 2249 lobo
399 2215 614 2252 intermedio
632 2215 791 2264 oblongo
821 2215 1024 2264 foliolisque
1051 2215 1281 2252 interioribus
1300 2215 1494 2268 periamhii

293 2266 487 2302 undulatis.
549 2267 631 2314 (T.)
686 2280 772 2305 v.v.

191 2339 229 2371 2.
256 2331 307 2369 D.
337 2331 544 2379 speciosum,
587 2334 751 2370 caulibus
785 2334 929 2377 erectis,
973 2333 1076 2382 apice
1112 2332 1350 2382 2-3-phyuis,
1396 2332 1491 2368 foliis

293 2385 573 2434 ovaii-oblongis
587 2386 828 2434 integerrimis
841 2398 985 2422 racemo
1002 2386 1182 2422 terminaii
1193 2384 1393 2421 multifloro
1407 2386 1489 2420 bre—

291 2436 463 2479 fioribus,
493 2438 682 2486 perianthii
711 2437 841 2474 foliolis
859 2437 1212 2485 angusto-oblongis,
1242 2435 1375 2473 labello
1398 2436 1490 2472 infra

293 2488 487 2524 divisui-am
522 2490 640 2525 carina
673 2490 807 2525 unica:
850 2489 936 2525 lobo
972 2488 1188 2525 intermedio
1217 2489 1343 2525 latiore
1377 2499 1489 2535 quam

292 2539 403 2588 longo
420 2540 612 2577 ecarinato.
671 2541 722 2588 (J.
741 2541 807 2586 T.)
863 2554 896 2577 v.
914 2554 948 2576 v.

240 2589 498 2632 Dendrobium
517 2593 735 2645 speciosum.
759 2592 833 2632 Sm.
854 2605 907 2630 cx.
925 2592 991 2628 bot.
1014 2599 1047 2629 1.
1064 2600 1102 2641 p.
1128 2597 1185 2638 17.
1206 2597 1231 2628 t.
1255 2597 1316 2629 10.

1241 2665 1277 2696 3.
1306 2658 1354 2695 D.
1371 2670 1486 2695 cemu-
