<?xml version="1.0" encoding="UTF-8"?>
<!DOCTYPE html PUBLIC "-//W3C//DTD XHTML 1.0 Transitional//EN"
    "http://www.w3.org/TR/xhtml1/DTD/xhtml1-transitional.dtd">
<html xmlns="http://www.w3.org/1999/xhtml" xml:lang="en" lang="en">
 <head>
  <title>
</title>
<meta http-equiv="Content-Type" content="text/html;charset=utf-8" />
  <meta name='ocr-system' content='tesseract 3.04.00' />
  <meta name='ocr-capabilities' content='ocr_page ocr_carea ocr_par ocr_line ocrx_word'/>
</head>
<body>
  <div class='ocr_page' id='page_1' title='image "./prodromusfloraen01brow/prodromusfloraen01brow_0010.png"; bbox 0 0 1685 2870; ppageno 0'>
   <div class='ocr_carea' id='block_1_1' title="bbox 195 206 1090 249">
    <p class='ocr_par' dir='ltr' id='par_1_1' title="bbox 195 206 1090 249">
     <span class='ocr_line' id='line_1_1' title="bbox 195 206 1090 249; baseline 0 0"><span class='ocrx_word' id='word_1_1' title='bbox 195 208 235 249; x_wconf 78' lang='lat' dir='ltr'><strong>vi</strong></span> <span class='ocrx_word' id='word_1_2' title='bbox 645 207 819 248; x_wconf 83' lang='lat' dir='ltr'>PRAEM</span> <span class='ocrx_word' id='word_1_3' title='bbox 826 206 1090 249; x_wconf 85' lang='lat' dir='ltr'>ONENDA.</span> 
     </span>
    </p>
   </div>
   <div class='ocr_carea' id='block_1_2' title="bbox 175 325 1476 2606">
    <p class='ocr_par' dir='ltr' id='par_1_2' title="bbox 186 325 1476 526">
     <span class='ocr_line' id='line_1_2' title="bbox 193 325 1476 384; baseline 0.003 -16"><span class='ocrx_word' id='word_1_4' title='bbox 193 326 428 368; x_wconf 75' lang='lat' dir='ltr'>abbreviatis</span> <span class='ocrx_word' id='word_1_5' title='bbox 482 325 706 366; x_wconf 84' lang='lat' dir='ltr'><strong>secundum</strong></span> <span class='ocrx_word' id='word_1_6' title='bbox 742 335 917 381; x_wconf 78' lang='lat' dir='ltr'>systema</span> <span class='ocrx_word' id='word_1_7' title='bbox 953 327 1212 369; x_wconf 86' lang='lat' dir='ltr'><strong>Linneanum</strong></span> <span class='ocrx_word' id='word_1_8' title='bbox 1254 328 1476 384; x_wconf 76' lang='lat' dir='ltr'><strong>dispositis,</strong></span> 
     </span>
     <span class='ocr_line' id='line_1_3' title="bbox 194 397 1476 453; baseline 0.003 -14"><span class='ocrx_word' id='word_1_9' title='bbox 194 413 354 439; x_wconf 84' lang='lat' dir='ltr'>necnon</span> <span class='ocrx_word' id='word_1_10' title='bbox 371 397 699 451; x_wconf 70' lang='lat' dir='ltr'><strong>Acotyledonum</strong></span> <span class='ocrx_word' id='word_1_11' title='bbox 721 397 944 448; x_wconf 70' lang='lat' dir='ltr'><strong>ordinibus,</strong></span> <span class='ocrx_word' id='word_1_12' title='bbox 975 414 1084 438; x_wconf 83' lang='lat' dir='ltr'><strong>nune</strong></span> <span class='ocrx_word' id='word_1_13' title='bbox 1107 399 1359 453; x_wconf 76' lang='lat' dir='ltr'><strong>posthabitis,</strong></span> <span class='ocrx_word' id='word_1_14' title='bbox 1382 417 1476 443; x_wconf 89' lang='lat' dir='ltr'><strong>cum</strong></span> 
     </span>
     <span class='ocr_line' id='line_1_4' title="bbox 186 468 1316 526; baseline 0.002 -16"><span class='ocrx_word' id='word_1_15' title='bbox 186 471 309 511; x_wconf 87' lang='lat' dir='ltr'><strong>altero</strong></span> <span class='ocrx_word' id='word_1_16' title='bbox 329 468 536 510; x_wconf 85' lang='lat' dir='ltr'><strong>volumine</strong></span> <span class='ocrx_word' id='word_1_17' title='bbox 560 468 761 508; x_wconf 82' lang='lat' dir='ltr'><strong>tradendae</strong></span> <span class='ocrx_word' id='word_1_18' title='bbox 781 469 899 519; x_wconf 86' lang='lat' dir='ltr'><strong>erint,</strong></span> <span class='ocrx_word' id='word_1_19' title='bbox 933 470 1026 510; x_wconf 83' lang='lat' dir='ltr'><strong>huic</strong></span> <span class='ocrx_word' id='word_1_20' title='bbox 1048 471 1316 526; x_wconf 79' lang='lat' dir='ltr'><strong>praefigendae.</strong></span> 
     </span>
    </p>

    <p class='ocr_par' dir='ltr' id='par_1_3' title="bbox 187 539 1476 1086">
     <span class='ocr_line' id='line_1_5' title="bbox 246 539 1472 599; baseline 0.003 -18"><span class='ocrx_word' id='word_1_21' title='bbox 246 540 593 582; x_wconf 86' lang='lat' dir='ltr'><strong>DoctrinaJussaei</strong></span> <span class='ocrx_word' id='word_1_22' title='bbox 613 540 660 579; x_wconf 89' lang='lat' dir='ltr'><strong>de</strong></span> <span class='ocrx_word' id='word_1_23' title='bbox 674 539 807 580; x_wconf 87' lang='lat' dir='ltr'><strong>indole</strong></span> <span class='ocrx_word' id='word_1_24' title='bbox 824 541 1004 595; x_wconf 64' lang='lat' dir='ltr'><strong>calycina</strong></span> <span class='ocrx_word' id='word_1_25' title='bbox 1017 541 1206 595; x_wconf 72' lang='lat' dir='ltr'><strong>(minime</strong></span> <span class='ocrx_word' id='word_1_26' title='bbox 1218 542 1266 583; x_wconf 89' lang='lat' dir='ltr'><strong>de</strong></span> <span class='ocrx_word' id='word_1_27' title='bbox 1284 543 1472 599; x_wconf 85' lang='lat' dir='ltr'><strong>origine,)</strong></span> 
     </span>
     <span class='ocr_line' id='line_1_6' title="bbox 189 611 1476 669; baseline 0.002 -16"><span class='ocrx_word' id='word_1_28' title='bbox 189 611 456 668; x_wconf 75' lang='lat' dir='ltr'><strong>integumenti</strong></span> <span class='ocrx_word' id='word_1_29' title='bbox 474 611 620 652; x_wconf 83' lang='lat' dir='ltr'><strong>floralis</strong></span> <span class='ocrx_word' id='word_1_30' title='bbox 638 611 1062 666; x_wconf 80' lang='lat' dir='ltr'><strong>Monocotyledonum</strong></span> <span class='ocrx_word' id='word_1_31' title='bbox 1079 623 1117 653; x_wconf 91' lang='lat' dir='ltr'><strong>et</strong></span> <span class='ocrx_word' id='word_1_32' title='bbox 1129 613 1476 669; x_wconf 87' lang='lat' dir='ltr'><strong>Dicotyledonum</strong></span> 
     </span>
     <span class='ocr_line' id='line_1_7' title="bbox 188 683 1474 740; baseline 0.002 -16"><span class='ocrx_word' id='word_1_33' title='bbox 188 684 355 725; x_wconf 81' lang='lat' dir='ltr'><strong>floribus</strong></span> <span class='ocrx_word' id='word_1_34' title='bbox 377 683 634 737; x_wconf 87' lang='lat' dir='ltr'><strong>incompletis</strong></span> <span class='ocrx_word' id='word_1_35' title='bbox 657 683 728 723; x_wconf 83' lang='lat' dir='ltr'><strong>etsi</strong></span> <span class='ocrx_word' id='word_1_36' title='bbox 757 698 841 723; x_wconf 89' lang='lat' dir='ltr'><strong>non</strong></span> <span class='ocrx_word' id='word_1_37' title='bbox 863 683 914 723; x_wconf 79' lang='lat' dir='ltr'><strong>sit</strong></span> <span class='ocrx_word' id='word_1_38' title='bbox 935 683 1112 738; x_wconf 88' lang='lat' dir='ltr'><strong>probata,</strong></span> <span class='ocrx_word' id='word_1_39' title='bbox 1143 699 1203 725; x_wconf 89' lang='lat' dir='ltr'><strong>res</strong></span> <span class='ocrx_word' id='word_1_40' title='bbox 1242 685 1328 740; x_wconf 84' lang='lat' dir='ltr'><strong>ipsa</strong></span> <span class='ocrx_word' id='word_1_41' title='bbox 1347 686 1474 736; x_wconf 84' lang='lat' dir='ltr'><strong>enim,</strong></span> 
     </span>
     <span class='ocr_line' id='line_1_8' title="bbox 188 754 1469 813; baseline 0.001 -16"><span class='ocrx_word' id='word_1_42' title='bbox 188 757 330 797; x_wconf 78' lang='lat' dir='ltr'><strong>saitem</strong></span> <span class='ocrx_word' id='word_1_43' title='bbox 351 756 392 796; x_wconf 92' lang='lat' dir='ltr'><strong>in</strong></span> <span class='ocrx_word' id='word_1_44' title='bbox 414 766 514 796; x_wconf 86' lang='lat' dir='ltr'><strong>statu</strong></span> <span class='ocrx_word' id='word_1_45' title='bbox 532 755 714 810; x_wconf 82' lang='lat' dir='ltr'><strong>praesenti</strong></span> <span class='ocrx_word' id='word_1_46' title='bbox 734 754 928 804; x_wconf 85' lang='lat' dir='ltr'><strong>scientiae,</strong></span> <span class='ocrx_word' id='word_1_47' title='bbox 960 766 1195 811; x_wconf 77' lang='lat' dir='ltr'><strong>argumenta</strong></span> <span class='ocrx_word' id='word_1_48' title='bbox 1214 756 1469 813; x_wconf 78' lang='lat' dir='ltr'><strong>inexpugna-</strong></span> 
     </span>
     <span class='ocr_line' id='line_1_9' title="bbox 187 826 1470 883; baseline 0.002 -15"><span class='ocrx_word' id='word_1_49' title='bbox 187 828 283 869; x_wconf 77' lang='lat' dir='ltr'><strong>bilia</strong></span> <span class='ocrx_word' id='word_1_50' title='bbox 303 828 408 868; x_wconf 89' lang='lat' dir='ltr'><strong>haud</strong></span> <span class='ocrx_word' id='word_1_51' title='bbox 441 826 631 877; x_wconf 86' lang='lat' dir='ltr'><strong>admittit,</strong></span> <span class='ocrx_word' id='word_1_52' title='bbox 663 826 858 882; x_wconf 72' lang='lat' dir='ltr'><strong>analogiae</strong></span> <span class='ocrx_word' id='word_1_53' title='bbox 884 837 1019 868; x_wconf 83' lang='lat' dir='ltr'><strong>tamen</strong></span> <span class='ocrx_word' id='word_1_54' title='bbox 1040 827 1168 883; x_wconf 80' lang='lat' dir='ltr'><strong>magis</strong></span> <span class='ocrx_word' id='word_1_55' title='bbox 1201 838 1470 870; x_wconf 82' lang='lat' dir='ltr'><strong>consentanea</strong></span> 
     </span>
     <span class='ocr_line' id='line_1_10' title="bbox 187 898 1470 958; baseline 0 -17"><span class='ocrx_word' id='word_1_56' title='bbox 187 900 290 942; x_wconf 83' lang='lat' dir='ltr'><strong>mihi</strong></span> <span class='ocrx_word' id='word_1_57' title='bbox 328 899 508 950; x_wconf 83' lang='lat' dir='ltr'><strong>videtur3</strong></span> <span class='ocrx_word' id='word_1_58' title='bbox 541 914 633 939; x_wconf 89' lang='lat' dir='ltr'><strong>cum</strong></span> <span class='ocrx_word' id='word_1_59' title='bbox 672 898 861 940; x_wconf 88' lang='lat' dir='ltr'><strong>Mirbelio</strong></span> <span class='ocrx_word' id='word_1_60' title='bbox 882 909 1016 958; x_wconf 83' lang='lat' dir='ltr'><strong>autem</strong></span> <span class='ocrx_word' id='word_1_61' title='bbox 1044 900 1319 940; x_wconf 70' lang='lat' dir='ltr'><strong>Periamhiam</strong></span> <span class='ocrx_word' id='word_1_62' title='bbox 1339 901 1379 940; x_wconf 90' lang='lat' dir='ltr'><strong>in</strong></span> <span class='ocrx_word' id='word_1_63' title='bbox 1408 902 1470 941; x_wconf 80' lang='lat' dir='ltr'><strong>fa-</strong></span> 
     </span>
     <span class='ocr_line' id='line_1_11' title="bbox 188 970 1474 1028; baseline 0.001 -16"><span class='ocrx_word' id='word_1_64' title='bbox 188 971 313 1013; x_wconf 87' lang='lat' dir='ltr'><strong>miliis</strong></span> <span class='ocrx_word' id='word_1_65' title='bbox 351 971 628 1028; x_wconf 80' lang='lat' dir='ltr'><strong>integumento</strong></span> <span class='ocrx_word' id='word_1_66' title='bbox 650 971 775 1012; x_wconf 88' lang='lat' dir='ltr'><strong>florali</strong></span> <span class='ocrx_word' id='word_1_67' title='bbox 804 970 987 1027; x_wconf 79' lang='lat' dir='ltr'><strong>simplice</strong></span> <span class='ocrx_word' id='word_1_68' title='bbox 1016 971 1221 1012; x_wconf 84' lang='lat' dir='ltr'><strong>instructis</strong></span> <span class='ocrx_word' id='word_1_69' title='bbox 1255 986 1324 1027; x_wconf 88' lang='lat' dir='ltr'><strong>pro</strong></span> <span class='ocrx_word' id='word_1_70' title='bbox 1342 971 1474 1027; x_wconf 77' lang='lat' dir='ltr'><strong>calyce</strong></span> 
     </span>
     <span class='ocr_line' id='line_1_12' title="bbox 188 1044 394 1086; baseline -0.005 -1"><span class='ocrx_word' id='word_1_71' title='bbox 188 1044 394 1086; x_wconf 81' lang='lat' dir='ltr'><strong>substitui.</strong></span> 
     </span>
    </p>

    <p class='ocr_par' dir='ltr' id='par_1_4' title="bbox 180 1113 1471 1662">
     <span class='ocr_line' id='line_1_13' title="bbox 238 1113 1470 1169; baseline 0 -13"><span class='ocrx_word' id='word_1_72' title='bbox 238 1115 531 1157; x_wconf 77' lang='lat' dir='ltr'><strong>vernationem</strong></span> <span class='ocrx_word' id='word_1_73' title='bbox 554 1130 622 1156; x_wconf 85' lang='lat' dir='ltr'><strong>seu</strong></span> <span class='ocrx_word' id='word_1_74' title='bbox 645 1116 956 1156; x_wconf 65' lang='lat' dir='ltr'><strong>AEstz&#39;uationem</strong></span> <span class='ocrx_word' id='word_1_75' title='bbox 979 1113 1124 1167; x_wconf 80' lang='lat' dir='ltr'><strong>Floris,</strong></span> <span class='ocrx_word' id='word_1_76' title='bbox 1145 1129 1167 1155; x_wconf 91' lang='lat' dir='ltr'><strong>a</strong></span> <span class='ocrx_word' id='word_1_77' title='bbox 1187 1115 1350 1156; x_wconf 85' lang='lat' dir='ltr'><strong>Grewio</strong></span> <span class='ocrx_word' id='word_1_78' title='bbox 1377 1116 1470 1169; x_wconf 81' lang='lat' dir='ltr'><strong>phi·</strong></span> 
     </span>
     <span class='ocr_line' id='line_1_14' title="bbox 183 1187 1467 1244; baseline -0.001 -15"><span class='ocrx_word' id='word_1_79' title='bbox 183 1188 395 1243; x_wconf 74' lang='lat' dir='ltr'><strong>losopliico</strong></span> <span class='ocrx_word' id='word_1_80' title='bbox 417 1189 594 1244; x_wconf 77' lang='lat' dir='ltr'><strong>primum</strong></span> <span class='ocrx_word' id='word_1_81' title='bbox 617 1190 802 1228; x_wconf 82' lang='lat' dir='ltr'><strong>accurate</strong></span> <span class='ocrx_word' id='word_1_82' title='bbox 824 1188 1091 1236; x_wconf 81' lang='lat' dir='ltr'><strong>observatam,</strong></span> <span class='ocrx_word' id='word_1_83' title='bbox 1123 1202 1197 1227; x_wconf 85' lang='lat' dir='ltr'><strong>uec</strong></span> <span class='ocrx_word' id='word_1_84' title='bbox 1218 1187 1265 1228; x_wconf 83' lang='lat' dir='ltr'><strong>ab</strong></span> <span class='ocrx_word' id='word_1_85' title='bbox 1289 1188 1467 1228; x_wconf 81' lang='lat' dir='ltr'><strong>Immor-</strong></span> 
     </span>
     <span class='ocr_line' id='line_1_15' title="bbox 184 1258 1468 1316; baseline -0.002 -15"><span class='ocrx_word' id='word_1_86' title='bbox 184 1261 252 1301; x_wconf 79' lang='lat' dir='ltr'><strong>tali</strong></span> <span class='ocrx_word' id='word_1_87' title='bbox 274 1260 433 1301; x_wconf 86' lang='lat' dir='ltr'><strong>Linneo</strong></span> <span class='ocrx_word' id='word_1_88' title='bbox 453 1260 739 1316; x_wconf 82' lang='lat' dir='ltr'><strong>praetervisam,</strong></span> <span class='ocrx_word' id='word_1_89' title='bbox 773 1259 840 1299; x_wconf 87' lang='lat' dir='ltr'><strong>sed</strong></span> <span class='ocrx_word' id='word_1_90' title='bbox 862 1274 883 1299; x_wconf 93' lang='lat' dir='ltr'><strong>a</strong></span> <span class='ocrx_word' id='word_1_91' title='bbox 903 1259 1101 1314; x_wconf 82' lang='lat' dir='ltr'><strong>plerisque</strong></span> <span class='ocrx_word' id='word_1_92' title='bbox 1118 1258 1384 1299; x_wconf 84' lang='lat' dir='ltr'><strong>recentiorum</strong></span> <span class='ocrx_word' id='word_1_93' title='bbox 1405 1258 1468 1300; x_wconf 87' lang='lat' dir='ltr'><strong>vel</strong></span> 
     </span>
     <span class='ocr_line' id='line_1_16' title="bbox 183 1329 1470 1388; baseline -0.002 -16"><span class='ocrx_word' id='word_1_94' title='bbox 183 1333 346 1388; x_wconf 70' lang='lat' dir='ltr'><strong>penitus</strong></span> <span class='ocrx_word' id='word_1_95' title='bbox 382 1331 624 1387; x_wconf 81' lang='lat' dir='ltr'><strong>neglectam,</strong></span> <span class='ocrx_word' id='word_1_96' title='bbox 658 1330 717 1371; x_wconf 88' lang='lat' dir='ltr'><strong>vel</strong></span> <span class='ocrx_word' id='word_1_97' title='bbox 759 1329 888 1371; x_wconf 87' lang='lat' dir='ltr'><strong>obiter</strong></span> <span class='ocrx_word' id='word_1_98' title='bbox 921 1341 1205 1380; x_wconf 86' lang='lat' dir='ltr'><strong>memoratam,</strong></span> <span class='ocrx_word' id='word_1_99' title='bbox 1236 1330 1387 1384; x_wconf 87' lang='lat' dir='ltr'><strong>passim</strong></span> <span class='ocrx_word' id='word_1_100' title='bbox 1426 1329 1470 1370; x_wconf 87' lang='lat' dir='ltr'><strong>in</strong></span> 
     </span>
     <span class='ocr_line' id='line_1_17' title="bbox 183 1401 1471 1459; baseline -0.002 -15"><span class='ocrx_word' id='word_1_101' title='bbox 183 1403 477 1445; x_wconf 73' lang='lat' dir='ltr'><strong>characteribus</strong></span> <span class='ocrx_word' id='word_1_102' title='bbox 500 1404 699 1459; x_wconf 70' lang='lat' dir='ltr'><strong>praecipue</strong></span> <span class='ocrx_word' id='word_1_103' title='bbox 717 1401 903 1443; x_wconf 86' lang='lat' dir='ltr'><strong>ordinum</strong></span> <span class='ocrx_word' id='word_1_104' title='bbox 923 1401 1112 1452; x_wconf 81' lang='lat' dir='ltr'><strong>adhibui3</strong></span> <span class='ocrx_word' id='word_1_105' title='bbox 1137 1414 1175 1441; x_wconf 84' lang='lat' dir='ltr'><strong>et</strong></span> <span class='ocrx_word' id='word_1_106' title='bbox 1195 1401 1369 1442; x_wconf 84' lang='lat' dir='ltr'><strong>eandem</strong></span> <span class='ocrx_word' id='word_1_107' title='bbox 1383 1401 1471 1441; x_wconf 77' lang='lat' dir='ltr'><strong>val-</strong></span> 
     </span>
     <span class='ocr_line' id='line_1_18' title="bbox 180 1472 1470 1529; baseline -0.002 -14"><span class='ocrx_word' id='word_1_108' title='bbox 180 1482 317 1516; x_wconf 78' lang='lat' dir='ltr'><strong>vatam</strong></span> <span class='ocrx_word' id='word_1_109' title='bbox 338 1474 437 1525; x_wconf 88' lang='lat' dir='ltr'><strong>dixi,</strong></span> <span class='ocrx_word' id='word_1_110' title='bbox 468 1474 533 1515; x_wconf 87' lang='lat' dir='ltr'><strong>ubi</strong></span> <span class='ocrx_word' id='word_1_111' title='bbox 556 1474 756 1529; x_wconf 74' lang='lat' dir='ltr'><strong>margines</strong></span> <span class='ocrx_word' id='word_1_112' title='bbox 778 1473 1011 1514; x_wconf 86' lang='lat' dir='ltr'><strong>foliolorum</strong></span> <span class='ocrx_word' id='word_1_113' title='bbox 1046 1475 1106 1513; x_wconf 89' lang='lat' dir='ltr'><strong>vel</strong></span> <span class='ocrx_word' id='word_1_114' title='bbox 1141 1473 1378 1514; x_wconf 83' lang='lat' dir='ltr'><strong>laciniarum</strong></span> <span class='ocrx_word' id='word_1_115' title='bbox 1403 1472 1470 1512; x_wconf 86' lang='lat' dir='ltr'><strong>in·</strong></span> 
     </span>
     <span class='ocr_line' id='line_1_19' title="bbox 180 1542 1467 1602; baseline -0.004 -14"><span class='ocrx_word' id='word_1_116' title='bbox 180 1546 406 1602; x_wconf 74' lang='lat' dir='ltr'><strong>tegumenti</strong></span> <span class='ocrx_word' id='word_1_117' title='bbox 447 1546 623 1586; x_wconf 68' lang='lat' dir='ltr'><strong>invicem</strong></span> <span class='ocrx_word' id='word_1_118' title='bbox 656 1544 843 1600; x_wconf 84' lang='lat' dir='ltr'><strong>applicati</strong></span> <span class='ocrx_word' id='word_1_119' title='bbox 877 1554 988 1596; x_wconf 88' lang='lat' dir='ltr'><strong>sunt,</strong></span> <span class='ocrx_word' id='word_1_120' title='bbox 1022 1544 1196 1600; x_wconf 81' lang='lat' dir='ltr'><strong>capsulae</strong></span> <span class='ocrx_word' id='word_1_121' title='bbox 1218 1542 1467 1602; x_wconf 83' lang='lat' dir='ltr'><strong>valvularum</strong></span> 
     </span>
     <span class='ocr_line' id='line_1_20' title="bbox 180 1618 430 1662; baseline -0.012 -1"><span class='ocrx_word' id='word_1_122' title='bbox 180 1620 224 1662; x_wconf 81' lang='lat' dir='ltr'><strong>in</strong></span> <span class='ocrx_word' id='word_1_123' title='bbox 244 1618 430 1660; x_wconf 87' lang='lat' dir='ltr'><strong>modum.</strong></span> 
     </span>
    </p>

    <p class='ocr_par' dir='ltr' id='par_1_5' title="bbox 181 1686 1467 1821">
     <span class='ocr_line' id='line_1_21' title="bbox 240 1686 1467 1745; baseline -0.004 -12"><span class='ocrx_word' id='word_1_124' title='bbox 240 1691 432 1733; x_wconf 71' lang='lat' dir='ltr'><strong>Ovariam</strong></span> <span class='ocrx_word' id='word_1_125' title='bbox 464 1704 535 1744; x_wconf 87' lang='lat' dir='ltr'><strong>pro</strong></span> <span class='ocrx_word' id='word_1_126' title='bbox 569 1688 751 1745; x_wconf 80' lang='lat' dir='ltr'><strong>germine</strong></span> <span class='ocrx_word' id='word_1_127' title='bbox 790 1704 884 1729; x_wconf 90' lang='lat' dir='ltr'><strong>cum</strong></span> <span class='ocrx_word' id='word_1_128' title='bbox 909 1689 1139 1738; x_wconf 78' lang='lat' dir='ltr'><strong>Gaertnero,</strong></span> <span class='ocrx_word' id='word_1_129' title='bbox 1171 1696 1210 1728; x_wconf 88' lang='lat' dir='ltr'><strong>et</strong></span> <span class='ocrx_word' id='word_1_130' title='bbox 1236 1686 1467 1732; x_wconf 80' lang='lat' dir='ltr'><strong>Placentam</strong></span> 
     </span>
     <span class='ocr_line' id='line_1_22' title="bbox 181 1761 981 1821; baseline -0.004 -16"><span class='ocrx_word' id='word_1_131' title='bbox 181 1780 253 1821; x_wconf 80' lang='lat' dir='ltr'><strong>pro</strong></span> <span class='ocrx_word' id='word_1_132' title='bbox 275 1761 526 1818; x_wconf 88' lang='lat' dir='ltr'><strong>receptaculo</strong></span> <span class='ocrx_word' id='word_1_133' title='bbox 549 1762 751 1802; x_wconf 84' lang='lat' dir='ltr'><strong>seminum</strong></span> <span class='ocrx_word' id='word_1_134' title='bbox 777 1761 981 1816; x_wconf 79' lang='lat' dir='ltr'><strong>usurpavi.</strong></span> 
     </span>
    </p>

    <p class='ocr_par' dir='ltr' id='par_1_6' title="bbox 181 1831 1468 2034">
     <span class='ocr_line' id='line_1_23' title="bbox 239 1831 1466 1886; baseline -0.004 -10"><span class='ocrx_word' id='word_1_135' title='bbox 239 1834 535 1877; x_wconf 85' lang='lat' dir='ltr'><strong>Punctuatione</strong></span> <span class='ocrx_word' id='word_1_136' title='bbox 553 1834 767 1875; x_wconf 75' lang='lat' dir='ltr'><strong>Linneana</strong></span> <span class='ocrx_word' id='word_1_137' title='bbox 800 1835 961 1874; x_wconf 71' lang='lat' dir='ltr'><strong>tantum</strong></span> <span class='ocrx_word' id='word_1_138' title='bbox 993 1832 1036 1873; x_wconf 90' lang='lat' dir='ltr'><strong>in</strong></span> <span class='ocrx_word' id='word_1_139' title='bbox 1058 1831 1352 1874; x_wconf 79' lang='lat' dir='ltr'><strong>characteribus</strong></span> <span class='ocrx_word' id='word_1_140' title='bbox 1375 1845 1466 1886; x_wconf 90' lang='lat' dir='ltr'><strong>spe-</strong></span> 
     </span>
     <span class='ocr_line' id='line_1_24' title="bbox 184 1903 1468 1962; baseline -0.005 -13"><span class='ocrx_word' id='word_1_141' title='bbox 184 1908 309 1949; x_wconf 76' lang='lat' dir='ltr'><strong>cificis</strong></span> <span class='ocrx_word' id='word_1_142' title='bbox 333 1923 428 1948; x_wconf 84' lang='lat' dir='ltr'><strong>usus</strong></span> <span class='ocrx_word' id='word_1_143' title='bbox 451 1922 560 1956; x_wconf 88' lang='lat' dir='ltr'><strong>sum,</strong></span> <span class='ocrx_word' id='word_1_144' title='bbox 592 1921 684 1962; x_wconf 81' lang='lat' dir='ltr'><strong>quae</strong></span> <span class='ocrx_word' id='word_1_145' title='bbox 706 1907 875 1961; x_wconf 78' lang='lat' dir='ltr'><strong>posthac</strong></span> <span class='ocrx_word' id='word_1_146' title='bbox 897 1906 1036 1949; x_wconf 65' lang='lat' dir='ltr'><strong>fors-an</strong></span> <span class='ocrx_word' id='word_1_147' title='bbox 1059 1920 1128 1960; x_wconf 84' lang='lat' dir='ltr'><strong>pro</strong></span> <span class='ocrx_word' id='word_1_148' title='bbox 1149 1905 1225 1945; x_wconf 75' lang='lat' dir='ltr'><strong>alia</strong></span> <span class='ocrx_word' id='word_1_149' title='bbox 1258 1903 1468 1954; x_wconf 81' lang='lat' dir='ltr'><strong>methodo,</strong></span> 
     </span>
     <span class='ocr_line' id='line_1_25' title="bbox 181 1975 1421 2034; baseline -0.004 -13"><span class='ocrx_word' id='word_1_150' title='bbox 181 1980 239 2021; x_wconf 87' lang='lat' dir='ltr'><strong>uti</strong></span> <span class='ocrx_word' id='word_1_151' title='bbox 259 1980 299 2021; x_wconf 91' lang='lat' dir='ltr'><strong>in</strong></span> <span class='ocrx_word' id='word_1_152' title='bbox 322 1979 465 2020; x_wconf 86' lang='lat' dir='ltr'><strong>iisdem</strong></span> <span class='ocrx_word' id='word_1_153' title='bbox 489 1994 603 2019; x_wconf 86' lang='lat' dir='ltr'><strong>casus</strong></span> <span class='ocrx_word' id='word_1_154' title='bbox 626 1978 819 2019; x_wconf 81' lang='lat' dir='ltr'><strong>ablativus</strong></span> <span class='ocrx_word' id='word_1_155' title='bbox 838 1993 909 2034; x_wconf 89' lang='lat' dir='ltr'><strong>pro</strong></span> <span class='ocrx_word' id='word_1_156' title='bbox 927 1986 1036 2018; x_wconf 86' lang='lat' dir='ltr'><strong>recto</strong></span> <span class='ocrx_word' id='word_1_157' title='bbox 1057 1977 1312 2033; x_wconf 83' lang='lat' dir='ltr'><strong>seponendus</strong></span> <span class='ocrx_word' id='word_1_158' title='bbox 1333 1975 1421 2016; x_wconf 89' lang='lat' dir='ltr'><strong>erit.</strong></span> 
     </span>
    </p>

    <p class='ocr_par' dir='ltr' id='par_1_7' title="bbox 175 2047 1468 2399">
     <span class='ocr_line' id='line_1_26' title="bbox 235 2047 1465 2105; baseline -0.005 -13"><span class='ocrx_word' id='word_1_159' title='bbox 235 2053 285 2092; x_wconf 84' lang='lat' dir='ltr'><strong>In</strong></span> <span class='ocrx_word' id='word_1_160' title='bbox 308 2052 537 2092; x_wconf 87' lang='lat' dir='ltr'><strong>Prodromo</strong></span> <span class='ocrx_word' id='word_1_161' title='bbox 560 2050 704 2105; x_wconf 75' lang='lat' dir='ltr'><strong>Operis</strong></span> <span class='ocrx_word' id='word_1_162' title='bbox 736 2050 878 2100; x_wconf 83' lang='lat' dir='ltr'><strong>futuri,</strong></span> <span class='ocrx_word' id='word_1_163' title='bbox 910 2049 1005 2090; x_wconf 81' lang='lat' dir='ltr'><strong>satis</strong></span> <span class='ocrx_word' id='word_1_164' title='bbox 1044 2048 1139 2089; x_wconf 87' lang='lat' dir='ltr'><strong>duxi</strong></span> <span class='ocrx_word' id='word_1_165' title='bbox 1181 2047 1380 2088; x_wconf 78' lang='lat' dir='ltr'><strong>indicasse</strong></span> <span class='ocrx_word' id='word_1_166' title='bbox 1402 2061 1465 2087; x_wconf 87' lang='lat' dir='ltr'><strong>re-</strong></span> 
     </span>
     <span class='ocr_line' id='line_1_27' title="bbox 179 2119 1464 2179; baseline -0.003 -16"><span class='ocrx_word' id='word_1_167' title='bbox 179 2124 338 2179; x_wconf 68' lang='lat' dir='ltr'><strong>giones,</strong></span> <span class='ocrx_word' id='word_1_168' title='bbox 369 2122 428 2163; x_wconf 85' lang='lat' dir='ltr'><strong>vel</strong></span> <span class='ocrx_word' id='word_1_169' title='bbox 450 2122 573 2178; x_wconf 82' lang='lat' dir='ltr'><strong>gradu</strong></span> <span class='ocrx_word' id='word_1_170' title='bbox 595 2121 753 2172; x_wconf 79' lang='lat' dir='ltr'><strong>caloris,</strong></span> <span class='ocrx_word' id='word_1_171' title='bbox 785 2121 844 2161; x_wconf 90' lang='lat' dir='ltr'><strong>vel</strong></span> <span class='ocrx_word' id='word_1_172' title='bbox 868 2119 997 2161; x_wconf 86' lang='lat' dir='ltr'><strong>ventis</strong></span> <span class='ocrx_word' id='word_1_173' title='bbox 1015 2119 1324 2176; x_wconf 76' lang='lat' dir='ltr'><strong>praevalentibus</strong></span> <span class='ocrx_word' id='word_1_174' title='bbox 1346 2134 1464 2159; x_wconf 85' lang='lat' dir='ltr'><strong>max-</strong></span> 
     </span>
     <span class='ocr_line' id='line_1_28' title="bbox 175 2191 1468 2249; baseline -0.003 -14"><span class='ocrx_word' id='word_1_175' title='bbox 175 2196 260 2241; x_wconf 68' lang='lat' dir='ltr'><strong>ime</strong></span> <span class='ocrx_word' id='word_1_176' title='bbox 289 2195 478 2246; x_wconf 77' lang='lat' dir='ltr'><strong>diversas,</strong></span> <span class='ocrx_word' id='word_1_177' title='bbox 510 2194 549 2234; x_wconf 92' lang='lat' dir='ltr'><strong>in</strong></span> <span class='ocrx_word' id='word_1_178' title='bbox 587 2193 734 2249; x_wconf 78' lang='lat' dir='ltr'><strong>quibus</strong></span> <span class='ocrx_word' id='word_1_179' title='bbox 762 2193 913 2249; x_wconf 87' lang='lat' dir='ltr'><strong>species</strong></span> <span class='ocrx_word' id='word_1_180' title='bbox 946 2192 1203 2248; x_wconf 80' lang='lat' dir='ltr'><strong>proveniunt,</strong></span> <span class='ocrx_word' id='word_1_181' title='bbox 1237 2200 1275 2232; x_wconf 90' lang='lat' dir='ltr'><strong>et</strong></span> <span class='ocrx_word' id='word_1_182' title='bbox 1305 2191 1468 2231; x_wconf 86' lang='lat' dir='ltr'><strong>illarum</strong></span> 
     </span>
     <span class='ocr_line' id='line_1_29' title="bbox 175 2261 1466 2322; baseline -0.004 -16"><span class='ocrx_word' id='word_1_183' title='bbox 175 2265 356 2322; x_wconf 82' lang='lat' dir='ltr'><strong>singulas</strong></span> <span class='ocrx_word' id='word_1_184' title='bbox 395 2265 530 2306; x_wconf 86' lang='lat' dir='ltr'><strong>notavi</strong></span> <span class='ocrx_word' id='word_1_185' title='bbox 570 2264 683 2305; x_wconf 68' lang='lat' dir='ltr'><strong>litera</strong></span> <span class='ocrx_word' id='word_1_186' title='bbox 715 2264 837 2304; x_wconf 72' lang='lat' dir='ltr'><strong>unica</strong></span> <span class='ocrx_word' id='word_1_187' title='bbox 870 2266 1038 2304; x_wconf 67' lang='lat' dir='ltr'><strong>romana</strong></span> <span class='ocrx_word' id='word_1_188' title='bbox 1067 2263 1231 2318; x_wconf 77' lang='lat' dir='ltr'><strong>majore,</strong></span> <span class='ocrx_word' id='word_1_189' title='bbox 1265 2261 1466 2321; x_wconf 73' lang='lat' dir='ltr'><strong>specificae</strong></span> 
     </span>
     <span class='ocr_line' id='line_1_30' title="bbox 176 2333 1270 2399; baseline -0.003 -22"><span class='ocrx_word' id='word_1_190' title='bbox 176 2337 310 2399; x_wconf 79' lang='lat' dir='ltr'><strong>phrasi</strong></span> <span class='ocrx_word' id='word_1_191' title='bbox 329 2336 497 2392; x_wconf 70' lang='lat' dir='ltr'><strong>adjecta,</strong></span> <span class='ocrx_word' id='word_1_192' title='bbox 529 2345 565 2376; x_wconf 90' lang='lat' dir='ltr'><strong>et</strong></span> <span class='ocrx_word' id='word_1_193' title='bbox 582 2335 887 2384; x_wconf 68' lang='lat' dir='ltr'><strong>uncisinclusa,</strong></span> <span class='ocrx_word' id='word_1_194' title='bbox 920 2343 1110 2390; x_wconf 86' lang='lat' dir='ltr'><strong>sequente</strong></span> <span class='ocrx_word' id='word_1_195' title='bbox 1132 2333 1270 2375; x_wconf 84' lang='lat' dir='ltr'><strong>modo.</strong></span> 
     </span>
    </p>

    <p class='ocr_par' dir='ltr' id='par_1_8' title="bbox 175 2404 1466 2606">
     <span class='ocr_line' id='line_1_31' title="bbox 236 2404 1465 2464; baseline -0.004 -15"><span class='ocrx_word' id='word_1_196' title='bbox 236 2410 310 2462; x_wconf 87' lang='lat' dir='ltr'>(J.)</span> <span class='ocrx_word' id='word_1_197' title='bbox 336 2408 533 2464; x_wconf 77' lang='lat' dir='ltr'><strong>Designat</strong></span> <span class='ocrx_word' id='word_1_198' title='bbox 553 2406 802 2448; x_wconf 86' lang='lat' dir='ltr'><strong>vicinitatem</strong></span> <span class='ocrx_word' id='word_1_199' title='bbox 824 2406 1012 2446; x_wconf 87' lang='lat' dir='ltr'><strong>Coloniae</strong></span> <span class='ocrx_word' id='word_1_200' title='bbox 1030 2405 1134 2460; x_wconf 84' lang='lat' dir='ltr'><strong>apud</strong></span> <span class='ocrx_word' id='word_1_201' title='bbox 1159 2406 1322 2445; x_wconf 84' lang='lat' dir='ltr'><strong>Portum</strong></span> <span class='ocrx_word' id='word_1_202' title='bbox 1339 2404 1465 2445; x_wconf 78' lang='lat' dir='ltr'><strong>Jaek-</strong></span> 
     </span>
     <span class='ocr_line' id='line_1_32' title="bbox 176 2475 1466 2536; baseline -0.004 -16"><span class='ocrx_word' id='word_1_203' title='bbox 176 2495 269 2530; x_wconf 71' lang='lat' dir='ltr'><strong>son,</strong></span> <span class='ocrx_word' id='word_1_204' title='bbox 302 2478 469 2520; x_wconf 86' lang='lat' dir='ltr'><strong>inclusis</strong></span> <span class='ocrx_word' id='word_1_205' title='bbox 487 2477 581 2536; x_wconf 89' lang='lat' dir='ltr'><strong>ripis</strong></span> <span class='ocrx_word' id='word_1_206' title='bbox 602 2477 776 2520; x_wconf 85' lang='lat' dir='ltr'><strong>aestuarii</strong></span> <span class='ocrx_word' id='word_1_207' title='bbox 796 2478 992 2520; x_wconf 83' lang='lat' dir='ltr'><strong>Hunter’s</strong></span> <span class='ocrx_word' id='word_1_208' title='bbox 1015 2477 1134 2518; x_wconf 69' lang='lat' dir='ltr'><strong>River</strong></span> <span class='ocrx_word' id='word_1_209' title='bbox 1154 2476 1213 2519; x_wconf 92' lang='lat' dir='ltr'><strong>vel</strong></span> <span class='ocrx_word' id='word_1_210' title='bbox 1226 2475 1326 2516; x_wconf 83' lang='lat' dir='ltr'><strong>Coal</strong></span> <span class='ocrx_word' id='word_1_211' title='bbox 1349 2475 1466 2516; x_wconf 80' lang='lat' dir='ltr'><strong>River</strong></span> 
     </span>
     <span class='ocr_line' id='line_1_33' title="bbox 175 2551 415 2606; baseline 0.004 -14"><span class='ocrx_word' id='word_1_212' title='bbox 175 2551 415 2606; x_wconf 72' lang='lat' dir='ltr'><strong>nuncupati.</strong></span> 
     </span>
    </p>
   </div>
   <div class='ocr_carea' id='block_1_3' title="bbox 1199 2619 1461 2676">
    <p class='ocr_par' dir='ltr' id='par_1_9' title="bbox 1199 2619 1461 2676">
     <span class='ocr_line' id='line_1_34' title="bbox 1199 2619 1461 2676; baseline -0.008 -14"><span class='ocrx_word' id='word_1_213' title='bbox 1199 2622 1301 2676; x_wconf 79' lang='lat' dir='ltr'><strong>(M.)</strong></span> <span class='ocrx_word' id='word_1_214' title='bbox 1337 2619 1461 2661; x_wconf 78' lang='lat' dir='ltr'><strong>Oram</strong></span> 
     </span>
    </p>
   </div>
  </div>
 </body>
</html>
